1618 2950
218 119 302 161 326
695 119 1091 166 PLAToNxs

216 236 278 293 μὴ
315 239 661 297 διαψηφιζέσθω
699 241 796 297 περὶ
833 239 1001 295 ταύτης
1037 241 1118 294 τῆς
1152 241 1289 294 δίκης.
1322 256 1498 322 rumex!
1536 241 1577 285 δ’

216 305 367 357 ἐξέστω
406 307 624 363 ἐλευθέρᾳ
657 316 899 365 μαρτυρεῖν
936 311 1010 352 καὶ
1044 315 1320 365 συνηγορεῖν,
1352 306 1457 353 &iv
1467 308 1581 365 ὑπὲρ

215 372 554 430 τετταράκοντα
587 375 665 427 ἔτη
700 366 727 435 τ’]
763 383 991 430 μγονυῐα,
1035 393 1110 420 και
1159 377 1284 429 δίκην
1330 374 1582 432 λαγχάνειν,

214 438 295 483 ἐὰν
331 437 558 495 ἄνανδρος
590 432 640 502 ᾖ·
678 442 844 494 ζῶντος
877 445 924 486 δὲ
960 442 1128 499 ἀνδρὸς
1162 443 1315 496 ἐξέστω
1350 446 1582 500 μαρτυρῆ·

215 522 289 551 σαι
325 506 483 562 μόνον.
519 509 655 569 δουλη
691 510 737 552 δὲ
773 526 847 553 και
883 509 1024 566 δούλῳ
1061 527 1132 553 και
1173 512 1299 555 παιδὶ
1330 509 1479 571 φόνου
1499 512 1582 567 μό·

216 591 299 620 νον
334 575 485 628 ἐξέστω
498 581 767 654 μαρτυρεῖν
803 579 874 620 καὶ
914 586 1199 634 συνηγορεῖν,
1245 575 1327 621 ἑὰν
1364 577 1581 632 Ιγγυητὴν

214 640 456 700 ἀξιόχρεων
495 635 518 694 ἦ
556 641 647 698 μὴν
679 647 825 699 μένειν
860 644 1115 706 καταστήσῃ
1149 650 1270 702 μέχρι
1309 646 1453 698 δίκης,
1501 644 1582 689 ἐὰν

215 711 474 770 ἐπισκηφθῇ
513 709 567 752 τὰ
606 712 751 768 ψευδῆ
795 714 1093 769 μαρτυρῆσαι.
1141 710 1497 766 ὶπισκήπτεσθαι
1533 715 1579 756 δὲ

214 778 303 822 τῶν
338 776 576 820 ἀντιδίκων
617 775 830 832 ἑκάτερον
866 777 948 840 ὅλῃ
985 781 1036 840 τῇ
1070 782 1297 836 μαρτυρίᾳ
1332 781 1406 823 καὶ
1447 786 1578 835 μέρει,

214 844 295 888 ἐὰν
330 842 383 887 τὰ
432 845 577 904 ψευδῆ
627 844 689 904 φῇ
734 843 834 887 τινὰ
887 853 1292 903 μεμαρτυρηκέναι.
1342 849 1449 902 πρὶν
1495 846 1579 901 τὴν

306 976 347 1009 Ρ.
372 974 455 1012 937.
505 974 547 1007 Β.
596 969 617 1017 ἦ
652 974 734 1019 μὴν
773 976 936 1020 μένειν]
973 976 1094 1021 Steph.
1130 983 1166 1012 et
1198 978 1261 1012 alii
1294 977 1419 1010 invitis
1475 977 1577 1011 libris

212 1026 397 1103 “welz-0⁸23
410 1022 692 1112 deritffiiaeytgffn‘]
742 1067 944 1111 ἐκισκεφθῇ
976 1081 1009 1103 v.
1036 1075 1071 1102 et
1113 1080 1166 1113 pr.
1202 1070 1248 1104 A.
1278 1066 1317 1103 Ω.
1341 1078 1377 1106 o
1366 1091 1400 1110 ,
1429 1072 1579 1102 correcti

211 1116 295 1148 item
322 1126 354 1151 a.
380 1125 410 1148 c.
438 1112 468 1147 δ.
519 1113 691 1147 Similiter
722 1116 804 1149 dein
832 1121 1034 1159 peccatum,
1066 1116 1128 1150 ubi
1152 1116 1258 1152 codd.
1283 1116 1423 1158 aliquot
1445 1115 1579 1148 habent

212 1159 495 1200 ἐπισκέπτεσθαι,
519 1161 615 1203 quod
641 1162 678 1193 in
706 1162 751 1194 A.
784 1159 823 1194 Ω.
849 1173 880 1196 8.
908 1173 959 1206 pr.
986 1173 1094 1196 manu
1119 1163 1288 1206 scriptum
1313 1165 1423 1196 extat.

259 1251 438 1294 γυναικὶ
464 1250 498 1284 δ’
526 1251 686 1295 ἐξέστω
707 1255 859 1296 -μαρ-

214 1298 386 1342 κυρεῖν]
413 1296 520 1337 Quod
544 1299 779 1342 philosophus
796 1301 860 1333 eti-

211 1355 267 1379 am
305 1345 512 1378 mulieribus
548 1346 860 1388 quadragesimum

211 1393 339 1425 aetatis
365 1401 497 1424 annum
524 1393 675 1433 egressis
700 1394 858 1426 testimo-

210 1439 262 1472 nii
289 1438 430 1471 dicendi
457 1438 661 1471 facultatem
683 1440 858 1480 concedit,

210 1485 246 1517 id
271 1495 293 1517 a
316 1484 475 1516 moribus
501 1490 536 1517 et
564 1485 736 1519 institutis
764 1487 858 1518 Atti-

210 1531 260 1564 cis
286 1532 507 1573 aliquantum
533 1532 678 1564 recedit.
705 1534 744 1564 v:
766 1531 853 1565 Pro-

209 1587 297 1610 cess.
334 1579 409 1609 Att.
435 1587 456 1619 p
494 1576 573 1612 667.
610 1579 659 1610 At
689 1578 855 1611 nimirum

207 1624 399 1656 tenendum
424 1628 488 1664 est,
511 1623 694 1657 Platonem
711 1625 855 1658 omnino

207 1670 387 1702 fortunam
412 1674 447 1701 et
471 1670 712 1703 conditionem
733 1671 855 1703 mulie-

206 1727 285 1748 rum
334 1716 491 1748 voluisse
537 1716 614 1749 fieri
662 1717 855 1752 meiiorem.

208 1761 446 1802 Quamobrem
472 1763 515 1794 iis
539 1764 644 1795 etiam
670 1765 855 1806 magistra-

208 1814 264 1842 tus
295 1810 469 1850 quosdam
494 1808 632 1842 deferre
658 1819 729 1843 non
756 1811 858 1843 dubi-

208 1856 307 1888 tavit.
334 1866 366 1888 v.
394 1855 493 1887 Libr.
522 1855 583 1887 VI.
611 1867 645 1898 p.
671 1855 752 1892 785.
779 1856 819 1888 Β.

257 1901 297 1935 B.
349 1899 491 1943 φόνου
521 1899 658 1940 μόνον
695 1900 858 1943 ἐξέστω

209 1946 469 1990 μαρτυρεῖν]
498 1948 748 1990 Stephanus
774 1953 856 1982 ante

211 1993 329 2035 φόνου
353 1998 454 2036 putat
469 1995 647 2027 excidisse
672 1995 759 2037 περί.
787 1995 854 2027 Le-

208 2042 289 2073 nius
329 2041 479 2073 Aetius
521 2042 678 2074 correxit
724 2038 852 2083 φόνον.

208 2086 405 2128 Antipho
441 2086 496 2119 De
522 2087 630 2120 caede
655 2087 790 2122 Herod.
822 2087 854 2130 ξ.

206 2132 270 2168 48:
303 2133 358 2165 nai
390 2136 574 2175 μαρτυρεῖν
606 2132 715 2175 ἔξεστι
739 2131 853 2178 δουλῳ

208 2176 292 2212 κατὰ
318 2179 379 2211 τοῦ
406 2177 599 2222 ἐλευθέρου
631 2177 695 2212 τὸν
725 2178 852 2221 φόνον.

207 2225 300 2258 unde
326 2226 479 2259 Athenis
515 2236 655 2268 quoque
689 2226 781 2260 hanc
805 2227 853 2260 le-

207 2281 287 2326 gem
317 2272 472 2305 valuisse
499 2272 687 2305 verisimile
711 2273 762 2306 fit.

254 2310 275 2358 ἦ
308 2329 329 2356 μ
350 2314 406 2359 ἦν
435 2317 633 2360 μένειν]
683 2320 854 2361 Aetius,

207 2362 458 2405 Bekkerus‚

208 2409 252 2442 de
277 2410 483 2442 coniectura
510 2390 733 2452 Stephani
765 2413 850 2444 scri-

206 2460 352 2498 pserunt
375 2460 499 2496 μει»εῖι·.
525 2455 594 2489 Sed
612 2457 731 2490 futuro
749 2457 851 2491 fuciio

206 2501 343 2534 carebis
369 2503 470 2535 lectis
495 2503 558 2542 iis,
593 2513 682 2544 quae
715 2504 757 2535 de
785 2514 848 2537 usu

205 2550 401 2590 praesentis
432 2558 544 2590 expos
530 2549 663 2581 nimus
694 2551 739 2582 ad
771 2549 851 2583 Cri-

205 2600 280 2627 ton.
338 2594 432 2630 .52.
468 2593 508 2627 C.
541 2594 587 2627 D.
620 2595 714 2627 conf.
744 2597 849 2630 etiam

204 2605 335 2684 Legg.p
343 2641 411 2674 1.x
437 2651 473 2684 p.
498 2640 579 2676 856.
607 2641 657 2673 Ax
696 2637 848 2685 ὑποσχό-

203 2697 311 2727 μενον
343 2698 388 2730 πρ
392 2684 434 2720 ὅσ
471 2686 532 2729 τῆς
565 2682 663 2719 'Eun'
648 2687 703 2719 tae
735 2707 776 2712 --
811 2686 848 2721 ιὰ

204 2732 319 2767 δίκαια
344 2733 399 2766 nal
423 2729 541 2776 ἀληθῆ
565 2733 703 2775 κρίνειν.

506 2364 733 2406 Turicenses,
780 2366 853 2407 8Ιίἰ,

979 1252 1052 1288 ἐὰν
1078 1253 1335 1298 ἐπισκηφθῇ
1360 1250 1408 1288 τὰ
1439 1251 1580 1295 ψευδῆ

929 1300 1236 1344 μαρτυρῆσαι]
1262 1300 1333 1333 nbi
1358 1305 1578 1341 arguatur

930 1347 1087 1381 falsum
1113 1347 1293 1380 dedisse
1323 1347 1575 1379 testimoni·

929 1404 1004 1426 um.
1062 1392 1118 1424 Ex
1150 1393 1204 1426 his
1241 1398 1276 1425 et
1299 1392 1473 1435 proximis
1498 1402 1576 1425 ver-

927 1438 982 1472 bis
1011 1439 1039 1472 Η
1056 1449 1294 1472 ermannus
1333 1438 1390 1472 De
1414 1438 1576 1480 vestigiis

927 1490 1013 1518 vett.
1039 1486 1206 1518 institute.
1238 1491 1303 1518 etr.
1336 1494 1371 1527 p.
1403 1484 1460 1519 69.
1499 1484 1575 1517 effi-

929 1542 1008 1564 cere
1032 1537 1179 1565 conatus
1204 1536 1258 1565 est
1278 1528 1465 1574 ἐκίσκηψιν
1488 1534 1575 1572 φου-

926 1576 1167 1620 δομαριυριῶν
1212 1577 1256 1611 ab
1303 1577 1445 1610 actione
1493 1576 1574 1610 falsi

925 1625 1118 1657 testimonii
1143 1625 1364 1667 aliquantum
1389 1623 1500 1656 fuisse
1523 1623 1575 1655 di-

929 1681 1077 1704 versam.
1103 1671 1244 1704 Etenim
1269 1667 1491 1714 ἐπισκήψῡιπ
1512 1678 1574 1702 118-

926 1722 1041 1750 turam
1067 1718 1123 1750 vir
1147 1717 1299 1750 eximius
1323 1719 1445 1749 censet
1468 1716 1504 1748 in
1529 1725 1573 1748 eo

926 1765 1036 1805 cerni,
1060 1768 1100 1796 ut
1123 1764 1242 1796 statim
1267 1763 1303 1795 in
1325 1762 1574 1804 cognoscenda

925 1819 1052 1844 caussa
1080 1811 1181 1853 quasi
1205 1809 1430 1842 recusatione
1461 1808 1570 1841 inter-

926 1857 1045 1899 posita
1078 1857 1165 1889 fides
1201 1856 1345 1888 testium
1380 1854 1572 1888 labefacte-

923 1908 1000 1943 tur,
1024 1903 1108 1935 licet
1131 1903 1167 1935 in
1192 1903 1237 1934 iis
1262 1905 1399 1934 tantum
1422 1900 1571 1941 caussis,

922 1959 1012 1991 quae
1036 1953 1134 1980 totae
1159 1959 1181 1981 8
1203 1948 1420 1980 testimoniis
1437 1946 1568 1989 pende-

922 2001 1019 2036 rent,
1055 1993 1239 2037 ἐπίσκηψιν
1271 1994 1441 2026 continuo
1474 1994 1568 2026 actio

922 2047 1044 2075 secuta
1084 2051 1162 2074 esse
1198 2040 1381 2082 videatur,
1415 2038 1450 2071 h.
1477 2048 1507 2071 e.
1533 2039 1571 2072 in

923 2085 1168 2131 διαμαρτυρίᾳ;
1208 2087 1246 2119 in
1279 2086 1428 2128 reliquis
1466 2095 1570 2128 expe·

923 2135 1011 2167 ctari
1038 2133 1254 2176 oportuerit,
1286 2132 1402 2165 donee
1431 2131 1569 2174 aliquid

923 2181 1040 2213 damni
1068 2189 1110 2212 ex
1142 2190 1185 2213 eo
1209 2179 1414 2212 testimonio
1445 2187 1568 2220 accep·

922 2233 996 2259 tum
1031 2230 1135 2260 esset.
1196 2225 1282 2258 Rem
1323 2225 1569 2266 disceptarunt

921 2279 1107 2316 praeterea
1136 2272 1290 2305 Meier.
1315 2269 1477 2304 Process.
1503 2271 1567 2303 At-

922 2321 982 2353 tic·
1035 2318 1149 2354 381.
1178 2317 1372 2352 Platner.
1401 2315 1566 2350 Prone-s.

922 2370 957 2399 et
982 2366 1151 2400 Actioun.
1179 2364 1259 2398 vol.
1283 2362 1314 2397 1.
1337 2373 1371 2406 p.
1388 2361 1470 2398 398.
1489 2372 1566 2405 sqq.

921 2413 980 2454 qui
1016 2414 1259 2454 exposuerunt
1283 2410 1388 2443 etiam
1412 2409 1456 2443 de
1481 2414 1565 2449 vsv-

921 2455 1163 2501 δομαρτυριαῖν
1187 2455 1276 2498 δι’.)(ῃ

965 2501 1308 2547 ἐπισκήπτεσθαι
1333 2498 1376 2533 δᾶ
1397 2500 1477 2534 τῶν
1499 2496 1564 2532 ἆν-

922 2548 1121 2592 ιιδίκων]
1152 2552 1365 2583 accusato
1391 2556 1499 2579 vero
1526 2557 1564 2579 n-

919 2602 1075 2639 terqne
1122 2594 1406 2638 iitigantinm
1454 2593 1548 2626 alte

918 2652 1008 2675 rum
1026 2641 1281 2676 testimonii
1297 2639 1364 2672 vei
1384 2638 1529 2671 omnin
1543 2650 1564 2671 o

919 2688 985 2721 vel
1009 2698 1058 2721 ex
1087 2692 1213 2731 parte
1237 2685 1358 2723 falsi.
1378 2685 1413 2717 si
1436 2695 1559 2727 quem

918 2734 1154 2768 contendat
1190 2732 1308 2767 falsa
1339 2735 1555 2765 testatum
