1644 2950
201 131 285 175 462
588 132 591 133 ’
633 127 718 172 ΒΕ
750 127 1135 172 EPINOMINIS

189 244 334 288 ¹situm
366 256 462 286 esse
494 241 705 297 docetur,
746 250 795 285 ut
832 241 988 286 calidis
1026 249 1072 285 et
1102 241 1470 286 modernioribus
1485 242 1564 297 ,in-

203 300 342 358 geniis
404 298 616 342 rudenter
645 300 893 343 coniunctis
925 306 1058 354 atquc
1089 299 1353 343 consociatis
1373 299 1565 342 civitatis

203 315 402 400 concors

205 416 394 456 formata
431 421 501 456 est
541 414 688 472 potius
725 412 784 456 ad
820 428 900 468 ea,
946 429 1059 469 quae
1099 413 1145 455 in
1179 413 1349 470 Legum
1391 412 1565 456 duobus

204 471 327 514 libris
359 471 582 527 prioribus
613 470 831 528 explicata
867 478 996 525 sunt,
1041 471 1115 514 ubi
1154 470 1457 527 copiosissime
1484 469 1565 513 do-

205 534 331 572 cetur
370 529 415 570 in
450 527 773 572 constituendis
814 527 1067 571 civitatibus
1114 527 1160 570 id
1199 528 1385 571 maxime
1416 527 1567 571 ,curari

206 591 434 642 oportere,
475 592 525 628 ut
553 601 652 628 cum
681 584 936 628 fortitudine
969 585 1129 627 civium
1159 585 1290 627 etiam
1319 592 1569 642 temperan-

206 643 269 685 tia
299 642 576 686 consocietur
613 650 658 684 et
687 657 777 697 qua
810 642 975 684 ratione
1017 641 1062 683 id
1103 642 1219 684 effici
1249 642 1393 698 possit
1422 638 1568 684 decla·

207 706 341 742 ratur.
414 698 577 742 Verum
610 699 903 753 undecunque
935 699 1122 756 scriptor
1151 698 1250 741 libri
1281 699 1367 743 ista
1396 698 1568 753 sumsit,

208 756 318 800 illud
359 762 478 798 certe
517 757 694 800 minime
727 756 961 798 obscurum
1000 762 1095 809 est,
1127 756 1303 798 sinistre
1342 756 1487 813 ipsum
1511 750 1570 798 iis

207 829 335 858 usum
365 827 478 867 esse,
513 829 645 870 quum
677 819 720 855 et
752 813 1145 870 argumentationis
1177 812 1375 856 ordinem
1395 827 1448 856 ac
1469 828 1571 869 pro-

210 885 407 914 ‹rressum
438 870 756 924 interturbent,
800 880 845 912 et
882 869 1112 912 Platonica
1150 870 1196 912 in
1226 869 1357 913 alium
1393 884 1571 914 sensum

209 907 515 983 detorqueant.
580 927 799 983 ,Denique
848 927 980 969 etium
1028 925 1147 969 aliud
1197 927 1353 970 vitium
1397 934 1573 970 notasse

208 1000 298 1027 non
345 984 500 1028 inutile
554 985 659 1037 erit,
703 999 789 1040 quo
836 984 1079 1041 argumenti
1121 985 1328 1027 tractatio
1371 984 1478 1027 mire
1506 984 1573 1027 in-

212 1042 350 1099 signis
386 1047 468 1084 est.
529 1041 704 1099 Regnat
733 1041 846 1084 enim
877 1042 921 1083 in
952 1057 1003 1083 ea
1032 1042 1164 1083 etiam
1182 1041 1418 1100 singularis
1440 1056 1574 1098 quae-

210 1098 309 1141 dam
340 1099 602 1154 obscuritaess,
635 1113 747 1155 quae
778 1098 1112 1155 intelligentiam
1143 1099 1375 1142 verborum
1396 1112 1453 1140 ac
1474 1113 1574 1141 sen-

209 1156 448 1198 tentiarum
477 1157 633 1199 misere
664 1155 860 1212 impedit.
926 1157 1006 1198 Est
1034 1156 1152 1198 enim
1180 1156 1412 1199 verborum
1437 1155 1575 1214 signi-

210 1213 361 1256 ficatio
391 1229 481 1256 non
511 1213 573 1255 ita
603 1229 701 1256 raro
731 1214 951 1271 ambigua,
983 1220 1030 1256 ut
1061 1212 1115 1255 de
1145 1213 1326 1256 notione
1356 1212 1444 1255 illis
1470 1213 1576 1256 sub-

209 1270 324 1314 iecta
354 1270 541 1313 subinde
572 1269 747 1314 consilii
785 1271 942 1326 inopes
979 1269 1248 1313 haereamus.
1317 1269 1463 1314 Cuius
1500 1285 1576 1328 ge-

213 1328 329 1371 neris
361 1327 606 1385 exemplum
638 1327 821 1383 praebet
849 1327 973 1370 locus
1003 1327 1091 1380 ille,
1125 1326 1179 1369 de
1208 1342 1296 1382 quo
1324 1328 1412 1370 iam
1442 1341 1578 1393 supra

211 1385 258 1427 in
288 1391 542 1428 transcursu
573 1385 846 1439 monuimus,
888 1384 963 1427 ubi
996 1399 1130 1440 quum
1170 1393 1327 1442 agatur
1356 1383 1411 1427 de
1440 1383 1577 1427 arith-

213 1442 396 1496 metica,
436 1447 580 1483 tamen
609 1441 873 1485 vocabulum
903 1442 984 1483 τοῦ
1012 1440 1150 1495 λόγου
1182 1442 1391 1485 continuo
1421 1440 1478 1484 ad
1508 1456 1576 1484 ra-

214 1498 377 1541 tionem
420 1497 735 1554 designandam
776 1497 1030 1552 adhibetur,
1071 1498 1198 1554 quasi
1235 1497 1345 1541 illud
1383 1513 1473 1542 una
1505 1513 1577 1541 ea-

215 1554 402 1610 demque
433 1555 608 1598 ratione
639 1562 684 1598 et
714 1554 767 1598 de
799 1555 1074 1598 arithmetica
1104 1556 1432 1612 computatione
1453 1561 1500 1598 et
1522 1554 1577 1598 de

216 1618 359 1655 mente
393 1627 445 1655 ac
479 1612 647 1655 ratione
677 1613 879 1679 usurpari
911 1613 1203 1655 consueverit.
1230 1645 1233 1649 .
1268 1612 1380 1656 Nem
1442 1613 1578 1655 -scri-

216 1674 319 1725 ptor
349 1668 410 1711 ibi
442 1668 552 1712 duas
591 1669 795 1712 vocabuli
825 1669 1170 1726 significationes
1208 1669 1340 1727 longe
1401 1669 1579 1713 iversis-

215 1726 347 1769 simas
376 1725 506 1783 plane
537 1726 583 1768 in
612 1742 748 1769 unum
779 1726 981 1769 confudit
1017 1741 1100 1769 nec
1129 1727 1238 1770 satis
1270 1728 1386 1770 inter
1422 1740 1471 1770 se
1505 1726 1579 1769 -di-

216 1783 386 1826 stinxit.
446 1783 583 1826 Porro
605 1784 735 1826 etiam
756 1785 988 1827 verborum
1009 1783 1424 1841 comprehensiones
1445 1798 1578 1841 saepe

216 1840 396 1884 scabrae
427 1847 552 1895 sunt,
597 1840 769 1883 hiuleae
811 1846 855 1884 et
894 1840 1151 1898 perplexae,
1187 1847 1237 1883 ut
1272 1846 1321 1884 et
1358 1841 1482 1899 ipsae
1513 1843 1578 1883 in·-

216 1897 447 1954 telligendi
478 1898 680 1941 facilitati
708 1898 891 1940 multum
924 1898 1134 1941 officiant.
1211 1896 1390 1955 Quippe
1428 1897 1579 1940 foedar-

219 1962 311 1997 tum
343 1969 450 1998 sane
481 1955 717 1998 etiamnum
751 1955 1010 2013 opusculum
1041 1962 1109 1998 est
1139 1969 1230 1997 uon
1268 1955 1420 2012 paucis
1458 1955 1579 1998 ulce-

217 2011 364 2066 ribus,
412 2027 538 2067 quae.
557 2012 807 2055 criticorum
838 2011 1383 2069 medicinam-exspectant
1412 2034 1469 2044 -—
1495 2013 1581 2055 cin·

220 2070 525 2112 cumferuntur
555 2070 668 2111 enim
702 2068 846 2111 adhuc
886 2069 931 2111 in
961 2084 1013 2112 eo
1043 2069 1130 2111 loci
1160 2069 1249 2119 fere
1287 2067 1582 2127 quadraginta

217 2125 318 2181 plus
359 2126 557 2170 minusve
597 2125 742 2169 affecti
782 2126 925 2178 vitiis3
977 2125 1055 2169 sed
1137 2135 1280 2168 raeter
1323 2125 1434 2169 haec
1472 2126 1581 2169 vitia

220 2183 420 2225 scabram
454 2191 498 2226 et
526 2198 724 2240 asperam
757 2184 1001 2226 orationem
1041 2141 1185 2225 refdit
1220 2182 1434 2239 imprimis
1463 2182 1581 2226 diffi-

219 2238 315 2281 cilis
357 2254 410 2282 ac
447 2246 649 2284 tortuosa
687 2240 966 2296 periodorum
1014 2246 1259 2295 structura,
1297 2240 1391 2283 sive
1419 2239 1496 2283 illa
1524 2254 1580 2283 ex

219 2294 387 2338 infelici
416 2297 626 2340 orationis
657 2298 703 2340 in
734 2298 931 2356 Legibus
961 2297 1159 2340 Platonis
1190 2296 1456 2340 dominantis
1484 2297 1581 2340 imi-

222 2352 388 2395 tatione
418 2354 550 2395 traxit
579 2354 817 2411 originem,
861 2356 956 2397 sive
997 2354 1197 2411 profecta
1233 2360 1303 2397 est
1330 2354 1386 2398 ab
1418 2353 1580 2412 ingenii

221 2407 412 2465 quadam
443 2410 663 2465 tarditate,
696 2411 822 2455 cuius
852 2426 957 2455 sane
987 2411 1091 2454 item
1122 2411 1313 2469 vestigia
1334 2411 1384 2454 ‘in
1413 2410 1580 2468 Epino-

220 2464 338 2508 mide
372 2480 580 2522 expressa
610 2475 861 2511 cernuntur.
933 2467 1021 2512 Sed
1053 2467 1256 2511 nolumus
1294 2467 1424 2510 etiam
1455 2466 1582 2524 plura

221 2521 268 2566 id
297 2536 438 2583 genus
468 2529 620 2566 notare
651 2524 771 2569 vitia.
830 2525 949 2569 Satis
981 2526 1094 2567 euim
1127 2524 1195 2567 vel
1225 2539 1300 2579 ea,
1330 2521 1445 2580 §uae
1478 2524 1580 2568 bac·

221 2586 351 2622 tenus
381 2580 760 2638 consignavimus,
790 2597 842 2624 eo
874 2582 1107 2635 valebunt,
1147 2588 1195 2624 ut
1224 2595 1354 2637 quam
1380 2581 1498 2637 iners
1523 2581 1582 2625 sit

221 2636 267 2680 in
298 2635 384 2681 hoc
410 2636 522 2681 libro
551 2637 693 2680 omnis
722 2637 967 2682 disserendi
997 2637 1261 2693 dicendique
1292 2638 1405 2681 ratio
1430 2652 1580 2695 quam·

226 2708 313 2750 que
343 2690 531 2739 Platone
559 2693 767 2751 indigna,
816 2697 1018 2739 omnibus
1055 2703 1277 2752 appareat.
1346 2694 1581 2738 Enimvero

399 357 441 399 ia
471 372 602 412 quam
642 357 829 399 maxima
869 355 1102 401 efficiatur.
1173 356 1272 400 Nisi
1307 350 1430 399 ‘forte
1450 371 1565 400 eon·
1638 399 1640 402 .
