1644 2950
222 115 307 158 448
660 109 746 154 DE
778 107 1157 154 EPmOMmls

224 225 510 271 Atheniensis
541 226 623 268 etsi
671 225 858 283 primum
895 232 1072 268 veretur
1108 239 1163 268 ne
1207 223 1375 269 frustra
1410 225 1467 269 de
1504 226 1582 270 tali

227 301 272 328 re
301 284 436 327 verba
463 282 659 326 facturus
689 282 762 336 sit,
792 289 939 325 tamen
969 290 1256 339 posteaquam
1289 298 1316 326 a
1336 281 1483 327 Clinia
1510 298 1583 327 ro-

226 347 354 400 gatus
389 347 471 394 est,
502 348 552 383 ut
579 355 634 393 ne
664 340 925 383 sententiam
955 355 1078 383 suam
1113 339 1167 382 de
1196 338 1265 382 his
1293 338 1425 384 rebus
1442 340 1583 385 celare

226 399 357 453 velit,
396 405 564 441 mutata
601 397 750 441 statim
790 403 934 440 mente
972 412 1053 440 sua
1098 396 1313 440 uberrime
1364 412 1584 455 exponere

226 456 434 511 instituit,
466 455 572 512 quid
603 467 900 511 quantumque
940 454 1023 509 sit,
1065 453 1183 511 quod
1224 455 1268 496 in
1305 455 1584 500 institutione

227 514 407 557 iuvenili
437 512 491 556 de
522 513 810 566 arithmetica,
841 512 1081 569 geometria
1109 519 1154 555 et
1182 512 1450 562 astronomia
1476 512 1585 556 ado-

227 571 498 614 lescentibus
565 568 900 627 impertiendum
957 569 1180 624 videatur,
1231 568 1279 611 id
1338 568 1459 626 quod
1524 570 1588 613 ita

228 630 391 672 factum
432 636 500 671 est
537 644 579 685 p.
613 629 709 670 819.
754 631 809 669 A.
849 640 988 682 usque
1027 626 1084 669 ad
1121 643 1164 684 p.
1195 627 1293 670 822.
1334 627 1385 671 C.
1458 628 1586 683 Quae

230 686 472 743 disputatio
511 685 709 742 profecto
754 685 817 726 ita
858 694 926 726 est
965 699 1059 726 com
1094 691 1242 738 arata,
1289 691 1339 728 ut
1377 685 1450 741 qui
1490 701 1587 729 eam

230 750 394 787 attente
425 742 704 800 perlegerint,
736 741 767 783 ii
811 748 930 784 certe
969 741 1055 784 faci
1073 757 1097 784 e
1137 741 1223 784 illis
1263 743 1440 786 carituri
1480 745 1585 798 sint,

232 816 343 858 quae
389 798 667 856 Epinomidis
708 804 861 841 auctor
905 797 1037 855 longa
1074 805 1120 841 et
1172 799 1342 855 prolixa
1389 801 1587 844 oratione

231 859 503 914 molestaque
534 857 764 899 verborum
795 855 1066 898 abundantia
1095 855 1150 898 de
1190 855 1345 901 iisdem
1374 858 1505 902 rebus
1540 858 1589 901 in

231 916 421 959 medium
454 914 649 972 protulit.
710 916 858 969 Atque
890 912 998 955 haec
1029 914 1067 956 si
1103 918 1222 956 recte
1257 920 1360 957 sunt
1396 930 1424 957 a
1460 915 1589 959 nobis

232 972 548 1027 animadversa,
574 971 701 1013 etiam
721 978 878 1028 sponte
898 971 1142 1026 apparebit,
1168 971 1339 1028 opinor,
1362 971 1591 1016 Platonem

232 1032 317 1074 isto
350 1029 524 1086 quidem
553 1029 652 1072 loco
683 1028 792 1071 nihil
813 1026 1054 1083 quidquam
1076 1029 1439 1085 praetermisisse,
1466 1029 1591 1087 'quod

235 1088 291 1131 ad
323 1089 491 1144 Legum
522 1086 823 1144 integritatem
851 1085 1168 1140 requireretur3
1199 1085 1309 1133 illud
1346 1100 1482 1131 unum
1511 1103 1590 1145 po-

234 1148 322 1189 tius
354 1146 459 1202 egit,
491 1151 540 1186 ut
570 1151 614 1186 et
643 1159 784 1186 rerum
817 1141 1171 1199 explicandarum
1203 1143 1509 1188 difficultatem
1537 1159 1592 1188 ex

237 1203 458 1247 hominum
489 1201 738 1258 ignorantia
768 1207 812 1243 et
840 1199 1013 1243 inscitia
1053 1200 1280 1244 oriundam
1323 1201 1594 1259 significaret

236 1268 280 1304 et
308 1260 510 1317 populari
541 1258 594 1300 de
624 1259 710 1301 illis
739 1257 1040 1314 disputationi,
1072 1258 1243 1313 qualem
1278 1257 1486 1316 deinceps
1516 1274 1590 1301 ex-

236 1318 405 1372 hibuit,
443 1324 668 1371 tamquam
715 1312 980 1372 proluderet.
1056 1315 1121 1356 At
1167 1315 1281 1358 enim
1326 1331 1432 1359 vero
1471 1315 1593 1359 istud

236 1377 380 1433 ipsum
408 1372 684 1431 Epinomidis
715 1371 915 1415 conditor
944 1378 1023 1413 aut·
1050 1371 1252 1416 consulto
1284 1373 1480 1430 neglexit
1519 1380 1590 1417 ut·

237 1440 341 1490 pote
370 1429 590 1474 scribendi
621 1429 955 1486 intemperantia
983 1429 1174 1486 agitatus
1194 1436 1271 1472 aut
1288 1436 1449 1474 temere
1466 1445 1593 1488 prae-

239 1490 372 1533 teriit.
440 1487 735 1542 Quamobrem
808 1501 982 1529 erverso
1019 1486 1203 1530 consilio
1249 1502 1448 1531 caussam
1486 1488 1593 1532 scri·

238 1545 371 1591 bendi
403 1544 503 1588 hinc
535 1545 711 1601 repetiit
739 1560 766 1586 a
799 1558 938 1599 eoque
968 1559 1033 1597 ea,
1066 1559 1179 1599 quae
1209 1543 1364 1588 deesse
1396 1544 1594 1588 videren-

239 1612 334 1659 tur,
377 1617 456 1645 suo
496 1602 626 1645 modo
666 1601 871 1658 supplere
917 1607 1050 1655 atque
1090 1615 1375 1658 compensare
1408 1611 1595 1647 conatus

239 1670 320 1715 est,
352 1661 416 1702 ita
445 1659 619 1716 quidem
663 1667 713 1702 ut
743 1675 795 1701 ea
832 1657 1050 1701 scribendi
1089 1661 1420 1715 opportunitate
1465 1660 1594 1703 simul

239 1720 369 1762 etiam
403 1716 457 1759 ad
487 1715 814 1759 deformandam
855 1731 1121 1759 summorum
1162 1717 1492 1774 magistratuum
1528 1718 1595 1760 in-

241 1776 512 1820 stitutionem
543 1775 808 1818 abuteretur.
871 1772 962 1817 Sed
993 1773 1101 1816 satis
1133 1773 1239 1817 haec
1277 1773 1332 1817 de
1371 1773 1468 1818 loco
1506 1775 1594 1832 pri·

241 1849 332 1888 ore,
364 1831 496 1887 unde,
530 1847 659 1887 quam
701 1829 859 1875 stolide
893 1829 1170 1886 Epinomidis
1208 1830 1451 1874 exarandae
1489 1846 1595 1874 con-

240 1891 383 1936 silium
414 1906 440 1932 a
470 1890 667 1947 sapiente
704 1895 854 1931 nostro
894 1895 1148 1943 susceptum
1189 1888 1269 1941 sit,
1309 1888 1594 1946 intelligatur.

242 1947 510 1992 Accedimus
540 1946 595 1989 ad
625 1946 769 1988 locum
805 1945 923 1987 Libr.
946 1945 1055 1987 XII.
1110 1946 1236 1987 .966.
1257 1960 1355 2001 sqq.
1409 1946 1494 1989 De·
1537 1961 1595 1991 uo

243 2004 420 2061 quidem
452 2020 538 2047 non
569 2003 705 2046 multo
734 2002 861 2044 aliter
888 1961 1167 2059 iudicandbm
1213 2017 1454 2046 censemus.
1505 2053 1511 2059 .
1556 2011 1598 2047 st

242 2064 355 2106 enim
386 2068 430 2105 et
458 2062 554 2119 ipse
584 2060 902 2115 integerrimus,
933 2067 983 2102 ut
1011 2075 1065 2102 ne
1097 2058 1167 2102 hic
1205 2059 1380 2115 quidem
1417 2059 1597 2117 aliquod

243 2121 415 2177 Legum
475 2119 824 2176 supplementum
882 2116 969 2160 ullo
1028 2115 1158 2159 modo
1214 2132 1325 2183 opus
1380 2117 1595 2160 videatur.

243 2177 419 2219 Etenim
450 2176 685 2234 exponitur
714 2173 888 2231 quidem
922 2175 981 2217 ibi
1012 2175 1187 2217 omnino
1217 2174 1321 2217 mhil
1353 2174 1407 2218 de
1437 2175 1597 2233 puerili

244 2241 555 2277 nocturnorum
604 2233 935 2289 magistratuum
983 2231 1244 2275 educatione
1293 2238 1427 2288 atque
1468 2231 1596 2275 insti-

246 2291 433 2334 tutione.
493 2289 583 2334 Sed
612 2289 715 2332 inde
742 2296 888 2332 tamen
928 2289 1121 2333 noudum
1163 2289 1382 2345 sequitur,
1423 2295 1475 2332 ut
1517 2289 1596 2332 ali-

278 2346 354 2391 uiri
396 2346 452 2389 ad
488 2347 796 2403 disputationis
833 2346 1126 2404 integritatem
1158 2345 1314 2390 deesse
1346 2344 1597 2390 existiman-

278 2420 349 2448 um
378 2404 448 2447 sit.
509 2405 723 2460 Apertum
763 2411 832 2446 est
862 2404 975 2446 euim
1012 2403 1235 2446 Platonem
1275 2402 1386 2447 hano
1421 2403 1597 2446 institu-

245 2461 376 2506 tionis
396 2460 670 2516 disciplinam
692 2461 892 2504 consulto
913 2460 1270 2517 praetermisisse.
1313 2460 1461 2518 Negat
1480 2461 1596 2504 enim

278 2518 535 2576 hilosopbus
549 2534 588 2575 p.
609 2519 707 2561 968.
728 2516 778 2560 C.
802 2518 845 2560 in
868 2518 1088 2575 praesenti
1107 2518 1193 2560 iam
1213 2531 1343 2575 posse
1370 2517 1596 2560 commode

247 2536 417 2621 definiri
447 2581 492 2619 et
521 2575 744 2628 constitui,
776 2576 1035 2630 quibusnam
1067 2574 1235 2618 artibus
1262 2587 1314 2617 ac
1352 2573 1596 2632 disciplinis

247 2642 294 2678 et
322 2648 511 2691 quanam
538 2633 707 2676 ratione
739 2632 874 2675 futuri
902 2633 1094 2676 civitatis
1132 2629 1340 2674 custodes
1379 2630 1596 2675 formandi

247 2692 351 2736 sint.
411 2690 569 2747 Itaque
598 2689 735 2734 satius
764 2703 859 2734 esse
890 2697 1030 2746 putat,
1062 2694 1197 2733 totam
1239 2687 1352 2732 bano
1395 2700 1607 2733 caussam
