1618 2950
226 147 308 187 116
682 140 1143 187 ARGUMENTUM

222 256 439 299 currerint
480 263 524 297 et
565 270 647 298 con
683 255 870 298 lutinata
916 258 1027 310 sint,
1078 256 1238 315 frigida
1275 271 1376 301 cum
1414 257 1586 311 calidis,

222 314 340 357 sicca
381 327 481 355 cum
517 271 731 366 humidis,
764 312 912 356 mollia
943 328 1041 356 cum
1073 312 1220 368 duris,
1261 311 1586 371 deniqueroon·

221 370 356 413 traria
396 384 494 412 cum
535 370 790 423 contrariis,
840 369 974 425 idque
1014 385 1102 413 non
1142 370 1399 416 moderante
1436 371 1587 428 aliqua

221 434 365 470 mente
406 426 557 469 divina
595 426 673 470 sed
748 426 866 470 otius
895 427 1012 469 ultro
1044 434 1175 483 atque
1207 434 1365 485 sponte
1394 427 1457 475 ita
1483 441 1584 477 eve-

221 484 345 528 nerit.
407 484 502 526 Iam
533 485 637 527 v'ero
674 498 701 526 a
763 490 960 527 naturam
990 491 1122 540 atque
1153 499 1304 528 casum
1333 491 1488 543 postea
1515 499 1584 528 ar·

219 549 306 584 tem
348 542 564 597 (τεχνην)
596 540 836 584 accessisse
879 547 1094 590 statuunt.
1123 557 1288 587 merum
1339 541 1584 589 mortalium

218 600 471 652 inventum,
513 597 631 654 quod
673 605 718 641 et
760 598 904 653 ipsum
943 598 1123 641 mortale
1166 600 1237 643 sit.
1301 598 1408 645 Eam
1435 601 1583 644 autem

218 666 401 699 censent.
439 670 586 698 earum
624 662 795 698 tantum
836 670 981 698 rerum
1011 656 1354 712 procreatricem
1379 670 1480 700 esse
1510 671 1582 701 so-

218 714 330 766 lere,
372 726 484 769 quae
523 727 612 755 non
650 711 847 756 veritatis
889 713 1127 770 participes
1171 712 1250 756 sed
1279 713 1421 770 ipsius
1454 714 1583 780 quasi

218 769 433 826 quaedam
473 769 686 827 imagines
726 770 836 820 sint3
877 784 977 812 nam
1018 776 1134 813 artes
1164 770 1202 814 si
1234 769 1342 827 quid
1370 770 1580 822 efficiant,

216 826 336 883 quod
374 826 535 869 habeat
575 827 829 880 veritatem,
861 825 906 868 id
936 827 1082 882 ipsum
1112 842 1203 870 non
1230 827 1400 872 artibus
1429 825 1580 872 deberi

215 884 505 936 arbitrantur,
537 881 616 926 sed
646 883 793 939 potius
823 889 1031 938 naturae,
1076 884 1202 928 cuius
1230 884 1320 928 vim
1348 883 1451 928 illae
1480 899 1581 942 par-

215 940 519 998 ticipaverint,
557 938 601 981 id
641 939 761 995 quod
791 940 837 982 in
865 945 958 982 arte
989 939 1180 988 medica,
1218 940 1266 984 in
1294 940 1579 999 agricultura,

214 999 259 1040 in
289 997 580 1056 gymnastica‚
613 997 658 1039 in
689 996 802 1051 aliis,
835 997 897 1039 ita
924 996 1126 1040 accidere
1146 997 1302 1041 soleat.
1361 996 1459 1044 Iam
1477 1011 1580 1048 vero

214 1056 326 1097 inter
369 1060 486 1098 artes
515 1054 648 1096 etiam
678 1053 954 1110 disciplinam
984 1053 1156 1097 civilem
1193 1053 1468 1111 (πολιτικὴν)
1494 1070 1579 1101 nu-

212 1111 463 1155 merandam
502 1125 600 1154 esse
630 1111 906 1166 existimant,
947 1125 1059 1166 quae
1099 1118 1247 1154 tamen
1285 1113 1446 1170 exigua
1485 1117 1580 1158 tan-

211 1176 304 1211 tum
341 1177 441 1212 cum
477 1168 573 1224 ipsa
616 1174 775 1211 natura
813 1168 1061 1212 communia
1099 1167 1272 1212 habeat.
1331 1166 1443 1229 Inde
1473 1183 1580 1212 vero

213 1227 344 1268 etiam
383 1226 531 1282 legum
570 1225 854 1282 scriptionem
874 1230 878 1233 ’
899 1240 988 1268 non
1026 1232 1184 1268 natura
1231 1224 1312 1269 sed
1359 1232 1456 1270 arte
1495 1226 1579 1269 niti

211 1283 452 1340 colligunt,
493 1288 545 1324 ut
574 1282 668 1325 eius
698 1281 877 1326 decreta
906 1288 952 1325 et
980 1281 1184 1327 instituta
1213 1282 1400 1326 veritate
1428 1296 1579 1327 carere

211 1339 447 1383 iudicanda
487 1339 589 1382 sint.
665 1341 814 1395 Atque
853 1339 955 1382 hinc
995 1339 1185 1395 denique
1225 1339 1359 1383 etiam
1388 1339 1579 1398 intelligi

210 1411 341 1454 posse
373 1397 521 1449 aiunt,
561 1395 668 1451 quid
701 1396 755 1439 de
786 1396 869 1440 diis
898 1411 1136 1452 eorumque
1169 1397 1292 1440 cultu
1320 1403 1366 1440 et
1396 1411 1577 1441 venera-

211 1455 332 1497 tione
372 1452 709 1496 existimandum
751 1453 819 1496 sit.
892 1453 1008 1496 Nam
1047 1453 1232 1510 primum
1262 1452 1440 1509 quidem
1470 1452 1578 1498 deos

210 1517 331 1554 ortos
362 1509 644 1554 essexdicunt
671 1526 760 1553 non
793 1517 964 1565 natura,
995 1509 1075 1554 sed
1105 1516 1222 1565 arte,
1253 1509 1339 1554 hoc
1368 1516 1438 1557 est
1466 1511 1577 1577 legi-

209 1569 290 1611 bus
329 1568 384 1610 ab
435 1566 682 1610 hominibus
730 1567 920 1611 inventis
973 1574 1106 1623 atque
1154 1567 1331 1624 publice
1376 1568 1575 1622 sancitis,

208 1639 372 1681 eosque
411 1622 519 1667 alios
558 1623 678 1681 apud
715 1623 850 1678 alios,
890 1625 1038 1682 prouti
1079 1624 1244 1680 quique
1284 1624 1401 1668 inter
1441 1639 1489 1668 se
1520 1622 1576 1668 de

208 1697 290 1725 usu
330 1687 375 1724 et
412 1680 511 1738 lege
553 1682 862 1734 convenerint3
902 1681 1060 1724 deinde
1090 1681 1221 1724 etiam
1252 1680 1440 1728 honesta
1468 1696 1574 1726 con-

208 1737 399 1781 tendunt
450 1738 536 1780 alia
574 1753 671 1781 esse
723 1738 848 1795 lege,
899 1738 987 1781 alia
1034 1744 1213 1790 natura;
1261 1738 1378 1783 iusta
1426 1745 1573 1787 autem

207 1795 353 1838 omnia
411 1801 591 1837 naturae
652 1795 835 1838 veritate
892 1810 1041 1838 carere
1105 1795 1398 1850 arbitrantur,
1454 1794 1573 1840 unde

206 1853 337 1895 etiam
377 1852 440 1895 ita
468 1851 570 1906 fiat,
612 1859 661 1894 ut
690 1851 888 1896 homines
917 1851 972 1895 de
1004 1853 1058 1896 iis
1087 1858 1302 1910 perpetuo
1331 1851 1573 1910 ambigant,

206 1909 291 1952 alia
346 1915 478 1964 atque
528 1908 614 1951 alia
663 1916 874 1965 tanquam
921 1909 1038 1953 iusta
1096 1907 1321 1963 sanciant,
1381 1908 1574 1966 denique

205 1966 279 2008 illa
316 1966 439 2009 varia
486 1971 530 2008 et
571 1965 833 2022 multiplicia
871 1980 969 2009 esse
1007 1971 1188 2023 putent,
1233 1965 1397 2066 quifipe
1437 1982 1572 2024 quum

205 2023 344 2078 ipsius
391 2035 573 2066 naturae
637 2029 816 2066 careant
871 2022 1216 2067 confirmatione.
1350 2037 1430 2067 aec
1487 2023 1572 2067 i’-

205 2087 276 2122 tur
314 2085 443 2134 sunt,
479 2080 624 2135 inquit
656 2079 968 2134 Atheniensis,
1011 2095 1125 2135 quae
1166 2079 1246 2127 isti,
1278 2078 1476 2128 homines
1547 2095 1571 2123 e

204 2136 271 2180 his
313 2137 443 2179 rebus
484 2142 686 2180 statuunt
728 2143 773 2180 et
802 2130 1068 2180 eiistimant.
1129 2134 1255 2190 Quae
1287 2135 1467 2191 quidem
1497 2151 1571 2181 eo-

205 2209 298 2235 rnm
338 2194 570 2248 opiniones
622 2194 696 2237 ubi
736 2193 869 2237 latius
919 2194 1083 2238 tuerint
1133 2192 1441 2241 disseminatae
1490 2193 1570 2238 im-

206 2250 444 2304 primisque
475 2251 605 2293 etiam
637 2251 793 2294 animis
823 2250 1168 2294 adolescentium
1186 2249 1441 2305 instillatus,
1473 2249 1569 2294 fleri

238 2306 407 2349 rotecto
447 2321 534 2349 non
567 2309 756 2362 poterit,
798 2307 904 2363 quin
935 2308 1075 2352 omnis
1105 2306 1341 2364 disciplina
1371 2313 1459 2351 tam
1490 2322 1567 2364 pu-

207 2322 324 2404 iilica
367 2377 495 2416 quam
540 2363 712 2419 privata
752 2379 965 2421 praeceps
1014 2371 1113 2408 ruat
1157 2370 1292 2420 atque
1334 2364 1569 2414 universae

205 2418 472 2474 reipublicae
518 2420 635 2463 salus
674 2421 717 2463 in
763 2421 996 2464 maximum
1031 2421 1264 2466 discrimen
1312 2419 1567 2466 deducatur.

204 2475 323 2518 Huic
353 2482 498 2517 autem
529 2476 642 2519 malo
673 2492 908 2533 sanequam
938 2478 1124 2521 maximo
1149 2484 1198 2523 ut
1227 2483 1443 2534 quantum
1472 2474 1565 2525 fieri

200 2532 345 2588 possit
374 2533 654 2586 occurratur,
701 2542 818 2577 certe
859 2551 946 2579 non
975 2536 1083 2579 satis
1123 2542 1190 2580 est
1225 2541 1276 2579 ut
1313 2548 1483 2593 poenae
1523 2543 1568 2579 et

200 2588 417 2647 supplicia
468 2588 512 2631 in
553 2589 712 2645 impios
743 2592 1091 2644 constituantur3
1131 2592 1217 2636 imo
1258 2591 1566 2650 multo,magis

199 2647 331 2689 etiam
374 2659 487 2703 opus
536 2652 603 2689 est
641 2646 867 2702 doctrina,
918 2648 1238 2703 admonitione,
1336 2647 1565 2707 rsuasione

200 2703 406 2759 «lenique,
440 2716 527 2757 qua
549 2702 781 2757 efficiatur,
813 2712 862 2747 ut
891 2706 1009 2749 cives
1040 2706 1156 2749 ultro
1186 2721 1258 2750 cre
1292 2710 1370 2750 ant
1398 2720 1451 2754 ac
1480 2704 1564 2750 sibi
