1644 2950
964 69 965 72 η
1374 39 1417 87 ’ἑ

209 131 293 174 464
640 128 727 172 Dr:
755 90 1141 174 memoremus
1329 117 1332 119 ’
1415 95 1427 102 ”

210 243 385 288 nomine
422 241 691 299 Φιλόσοφος
725 243 941 302 insignita
978 244 1122 286 fuerit.
1194 242 1311 287 Nam
1349 242 1444 288 hoe·
1480 248 1489 255 ’
1537 244 1571 277 ’-

212 301 310 343 dem
342 299 425 343 etsi
452 299 678 343 verissime
708 307 777 344 est
807 300 1180 355 animadversum,
1214 299 1470 357 quandoqui
1529 315 1572 344 m

213 365 257 401 et
296 357 618 400 Nicomach.
661 358 900 401 Arithmet.
933 358 968 400 1.
1001 360 1040 402 3.
1071 357 1190 400 hunc
1219 357 1454 401 titulumv
1511 357 1572 401 ris

214 420 439 468 memorat,
457 420 502 456 et
532 413 767 472 Diogen.
798 415 986 459 Laert.
1011 414 1099 458 111.
1115 415 1154 471 ξ.
1171 415 1352 473 60.oap.
1513 414 1570 458 V.

213 477 322 514 extr.
353 472 416 514 ita
446 471 621 514 scribit:
649 471 986 527 Ἐ’πινομὶς,
1015 468 1044 525 ἢ
1073 472 1330 528 νυκτερινὸς
1355 470 1574 527 σύλλογος

212 529 240 580 ἢ
271 525 557 586 φιλόσοφος,
591 527 846 582 πολιτικός;
875 535 1023 571 tamen
1053 545 1143 571 non
1171 529 1462 595 intelligitur,
1495 529 1573 595 qui

212 586 308 628 fieri
346 585 565 642 potuerit,
605 591 656 628 ut
691 586 924 642 inscriptio
963 586 1061 629 libri
1095 601 1176 643 pro
1216 601 1391 629 nomme
1433 586 1573 644 ipsius

213 643 406 686 auctoris
448 649 702 699 pone-retur.
764 643 940 685 >Verum
970 642 1090 685 istud
1130 642 1307 698 quidem
1346 643 1443 686 leve
1482 649 1571 695 θείς

214 700 391 744 omnino
422 700 536 742 enim
567 699 676 742 satis
707 707 774 742 est
803 708 1001 756 apertum
1032 700 1162 742 etiam
1193 699 1311 758 apud
1343 699 1574 744 Suidam

213 757 268 800 de
299 756 452 799 eodem
482 757 557 799 illo
587 758 754 799 narrari
786 757 1018 813 Philippo,
1057 755 1112 799 de
1141 771 1228 812 quo
1258 757 1463 815 exposuit
1491 757 1576 800 Di-

215 829 379 872 ogenes
419 814 643 856 Laertius.
693 813 886 856 Gravius
925 820 1017 868 est,
1065 813 1186 869 quod
1226 814 1357 857 etiam
1396 813 1452 858 de
1491 814 1574 856 viri

215 871 374 914 studiis
415 870 582 926 aliquid
624 870 681 912 ad
719 877 915 913 nostram
946 868 1170 927 proditum
1203 876 1274 915 est
1308 871 1573 915 memoriam.

215 928 457 971 Proclus
501 928 616 970 enim
658 928 704 969 in
750 927 923 971 Euclid.
970 927 1032 970 ΙΙ.
1075 944 1119 986 p.
1164 929 1231 972 19.
1271 928 1397 972 cuius
1438 928 1576 972 verba

215 984 544 1028 Boeckhius
588 985 615 1026 l.
657 985 911 1028 c.-attulit:
963 986 1191 1036 Φίλιππος
1238 987 1287 1030 δὲ
1325 984 1349 1029 ὁ
1392 993 1577 1040 μεταῖος

214 1042 264 1098 (l.
292 1041 594 1098 Ὀπούντιος),
644 1041 888 1093 Πλάτωνος
918 1038 980 1084 ὢν
1014 1041 1235 1098 μαθητὴς
1262 1045 1339 1086 καὶ
1367 1041 1437 1085 ὑπ’
1469 1045 1574 1085 ἐπιεί-

214 1116 296 1142 νου
328 1106 600 1156 προτραπεὶς
638 1104 700 1150 εὶς
737 1098 793 1142 τὰ
829 1097 1115 1155 μαθήματα,
1154 1102 1231 1143 καὶ
1269 1098 1352 1151 τὰς
1378 1099 1577 1153 ζητήσεις

215 1162 408 1200 ἐποιεῖτο
453 1154 566 1200 κατὰ
604 1154 685 1208 τὰς
725 1154 973 1208 Πλάτωνος
1012 1162 1031 1200 ὲ
1077 1155 1274 1213 ηγήσεις,
1321 1161 1397 1201 καὶ
1435 1157 1577 1200 ταῦτα

216 1213 468 1271 προύβαλεν
499 1215 655 1268 ἐαυτῷ,
684 1208 769 1257 ὅσα
798 1211 909 1268 ᾠέτο
940 1216 994 1274 τῇ
1083 1212 1284 1265 λάτωνος
1319 1215 1577 1274 φιλοσοφίᾳ

217 1273 452 1314 συντελεῖν.
490 1274 532 1314 οἱ
554 1273 634 1327 μὲν
654 1265 736 1314 οὖν
755 1271 835 1321 τάς
855 1274 1055 1327 ἱστορίας
1083 1268 1429 1328 ἀναγράψαντες
1445 1276 1577 1327 μέχρι

217 1327 379 1371 τούτου
410 1326 658 1383 προάγουσι
696 1327 778 1381 τὴν
808 1328 888 1379 τῆς
927 1327 1171 1382 ἐπιστήμης
1207 1327 1374 1380 ταύτης
1408 1329 1574 1371 τελείω-

217 1401 303 1429 σιν.
363 1384 561 1427 Indicem
591 1384 802 1427 librorum
833 1385 927 1427 eius
957 1384 1093 1428 habet
1132 1383 1341 1429 Suidas
1381 1384 1409 1427 l.
1438 1384 1468 1427 l.
1501 1384 1577 1441 qui

216 1448 323 1509 post
362 1441 584 1496 σχολάσας
624 1451 720 1492 τοῖς
760 1441 1001 1498 μετεώροις
1039 1442 1251 1486 continuo
1289 1441 1444 1486 ordine
1472 1441 1578 1485 sub-

217 1499 363 1557 iungit
402 1499 530 1542 haec:
585 1495 646 1541 ὢν
691 1501 738 1542 δὲ
777 1496 888 1541 κατά
943 1501 1023 1542 τον
1065 1501 1296 1543 Φίλιππον·
1330 1496 1577 1542 Μακεδόνα

218 1554 532 1613 συνεγράψατο
572 1555 699 1599 τάδε·
747 1558 858 1611 Περὶ
897 1558 977 1609 τῆς
1017 1555 1304 1608 ἀποστάσεως
1342 1554 1471 1609 ἡλίου
1502 1558 1577 1599 καὶ

216 1613 420 1666 σελήνηςι
459 1615 556 1668 περὶ
589 1614 713 1656 θεῶν
740 1611 783 1668 β’
810 1629 822 1654 e
854 1616 952 1671 περὶ
981 1612 1147 1671 γρόνου
1178 1611 1208 1656 ἀ
1239 1630 1252 1656 t
1281 1615 1380 1671 περὶ
1408 1610 1578 1668 μύθων

216 1668 247 1713 ἀ
275 1687 287 1712 2
318 1672 417 1726 περὶ
448 1672 709 1726 ἐλευθερίας
737 1669 766 1711 ἀ
795 1686 806 1711 =
839 1674 937 1727 περὶ
978 1663 1115 1727 ἀργῆς
1142 1669 1171 1713 ἀ
1200 1687 1213 1713 t
1244 1673 1344 1728 περὶ
1384 1671 1576 1714 ἀνταπο·

216 1725 384 1777 δόσεως
430 1725 460 1769 ἀ
500 1744 511 1768 ε
553 1730 650 1784 περὶ
690 1728 886 1783 Λοκρῶν
924 1730 1011 1771 τῶν
1046 1727 1329 1771 Ὀπουντίων
1367 1725 1397 1770 α’
1433 1743 1445 1769 =
1477 1730 1575 1782 περὶ

215 1783 383 1837 ἡδονῆς
411 1781 588 1838 danao)
621 1786 786 1842 ἔρωτος
813 1783 842 1826 ά
871 1801 883 1826 =
913 1788 1010 1842 περὶ
1042 1787 1187 1842 φίλων
1217 1788 1294 1828 καὶ
1322 1784 1478 1843 φιλίας
1504 1782 1535 1827 α’
1563 1800 1575 1825 e

216 1844 316 1897 περὶ
356 1842 439 1884 τοῦ
477 1840 670 1900 γράᾳειν
696 1857 707 1883 =
741 1843 840 1897 περὶ
881 1844 978 1885 τοῦ·
998 1841 1248 1893 ΙΙλάτωνος
1275 1858 1287 1883 ε
1317 1844 1415 1898 περὶ
1442 1842 1576 1884 ἐκλεί-

216 1910 340 1959 ψεως
378 1901 450 1942 καὶ
489 1902 587 1955 περὶ
624 1901 854 1954 μεγέθους
893 1900 974 1943 τοῦ
1005 1898 1134 1951 ἡλίου
1171 1902 1244 1942 καὶ
1276 1897 1461 1956 σελήνης
1502 1901 1576 1941 καὶ

215 1957 296 2011 γῆς
322 1954 350 1998 ἀ
379 1971 391 1997 :
423 1958 522 2010 περὶ
551 1955 791 2011 ἀστραπῶν
821 1971 832 1996 :
855 1958 953 2012 περὶ
975 1954 1210 2009 πλανήτων
1227 1971 1238 1998 :
1257 1953 1575 2013 ἀριθμητικάτ

216 2016 315 2067 περὶ
346 2011 616 2068 πολυγώνων
657 2012 874 2067 ἀριθμῶν
902 2029 914 2054 =
947 2012 1140 2055 ὀπτικῶν
1177 2011 1228 2068 β’
1261 2025 1275 2058 2
1304 2013 1577 2067 ἐνοπτρικῶν

214 2070 267 2124 β’
287 2086 298 2111 2
323 2067 554 2124 κυκλιακά,
575 2067 824 2124 μεσότητας
846 2074 918 2113 καὶ
941 2068 1068 2113 ἄλλα.
1129 2069 1257 2124 Quae
1280 2069 1426 2113 omnia
1436 2069 1577 2112 ,etiam

218 2126 477 2169 Eudocia
504 2132 717 2170 memorat
746 2142 789 2184 p.
819 2128 920 2172 425.

333 2183 459 2227 Haec
487 2183 624 2242 igitur
654 2190 758 2227 sunt
786 2183 877 2227 fere
922 2198 1037 2240 quae
1076 2184 1131 2227 de
1166 2184 1312 2241 Philip
1345 2198 1396 2238 o,
1441 2183 1519 2238 qui
1549 2197 1577 2225 a

219 2240 441 2283 veteribus
473 2240 737 2295 quibusdam
768 2241 934 2284 criticis
973 2257 1053 2299 pro
1085 2241 1291 2309 Epinomi
1325 2241 1363 2283 is
1395 2247 1575 2283 auctore

217 2296 396 2338 habitus
427 2304 519 2352 est,
562 2297 619 2340 ad
652 2299 924 2355 posteritatis
963 2314 1212 2342 memoriam
1245 2296 1410 2342 tradita
1439 2297 1573 2349 habe-

215 2367 325 2396 mus.
390 2352 604 2409 Sequitur
634 2355 718 2397 iam
750 2363 800 2397 ut
831 2355 1126 2412 quaerendum
1158 2357 1240 2411 sit,
1268 2370 1373 2398 num
1402 2354 1472 2401 ini,
1494 2353 1575 2396 bu-

217 2409 287 2453 ius
330 2409 431 2452 libri
476 2411 670 2467 origines
714 2413 1007 2456 verisimiliter
1048 2413 1104 2456 ad
1147 2414 1290 2470 ipsum
1332 2411 1574 2455 retulerint.

215 2466 288 2510 De
348 2482 405 2509 ua
431 2481 478 2510 re
509 2467 659 2510 licebit
687 2469 815 2512 nobis
847 2469 1071 2526 disputare
1103 2485 1231 2526 quam
1264 2467 1537 2512 brevissime.

378 2523 548 2567 idemur
577 2531 721 2567 autem
753 2542 842 2569 non
873 2533 1036 2570 temere
1065 2528 1127 2570 ita
1145 2533 1340 2570 statuere
1357 2530 1402 2567 et
1421 2525 1574 2568 existi-

217 2594 361 2635 mare,
393 2586 444 2623 ut
471 2581 650 2624 criticos
679 2581 843 2626 iudicio
875 2598 957 2626 suo
987 2584 1243 2642 longissime
1274 2597 1301 2626 a
1329 2587 1454 2624 recto
1497 2582 1574 2625 ab·

218 2637 435 2681 erravisse
465 2651 746 2693 censeamus,
787 2641 951 2706 quippe
992 2641 1066 2696 qui
1100 2640 1295 2684 libellum
1324 2653 1420 2681 non>
1445 2637 1573 2681 aliam

219 2694 275 2738 ob
316 2708 493 2739 causam
523 2694 733 2753 Philippo
762 2697 968 2741 tabuisse
997 2697 1249 2752 videantur,
1299 2709 1432 2751 quam
1472 2695 1576 2751 quia
