1618 2950
203 147 277 187 114
649 134 1108 181 ARGUMENTUM

199 268 408 311 perquam
450 266 545 294 esse
586 249 840 305 absurdum,
879 249 997 306 quod
1028 250 1094 293 vis
1122 256 1165 292 et
1195 255 1351 292 natura
1381 247 1559 292 deorum

198 311 398 364 tollatur,
445 306 800 364 quandoquidem
850 314 991 360 terra,
1040 306 1131 361 sol,
1181 305 1328 350 sidera
1369 305 1560 362 itemque

198 378 442 423 temporum
472 363 796 433 vicissitudines
815 370 935 407 certa
962 372 1008 406 et
1037 362 1257 407 constanti
1285 362 1383 420 lege
1413 361 1460 405 in
1491 377 1561 406 or·

198 427 294 467 bem
337 423 572 467 redeuntes
610 421 847 477 loquantur
887 420 1180 475 contrarium,
1222 426 1358 476 atque
1398 416 1560 462 Graeci

197 483 360 539 pariter
389 487 522 536 atque
551 478 726 521 barbari
757 478 975 520 communi
1005 477 1297 523 consensione
1327 474 1435 520 deos
1464 489 1562 520 esse

198 538 375 581 eredere
405 538 586 579 soleant.
649 535 803 579 Utitur
841 535 978 591 igitur
1009 534 1080 577 ille
1103 532 1374 592 argumentis
1403 532 1488 577 hac
1517 534 1562 576 in

200 611 243 638 re
285 591 597 653 popularibus,
636 591 797 647 quibus
838 593 969 634 etiam
1009 592 1154 647 ipsum
1194 591 1420 634 Platonem
1459 589 1561 633 alibi

197 668 323 696 usum
363 666 461 695 esse
502 649 715 693 novimus.
788 648 954 693 Verum
992 655 1136 693 tamen
1168 647 1454 692 Atheniensis
1483 646 1562 690 ho-

198 726 300 766 spes
345 724 396 752 ca
433 723 519 750 non
561 706 669 750 satis
708 704 855 749 valida
895 706 989 750 fore
1038 705 1150 749 dicit
1193 704 1252 749 ad
1300 703 1562 748 refellendas

199 766 544 809 adversariorum
582 762 848 814 sententias3
889 763 965 819 qui
996 777 1093 806 sese
1122 776 1389 821 magnopere
1419 761 1562 805 vereri

200 824 454 881 profitetur,
504 836 558 863 ne
610 820 682 862 isti
731 818 854 876 impii
907 834 961 862 ea
1006 825 1059 863 ut
1105 820 1220 863 levia
1264 825 1562 872 contemnant,

206 882 372 937 quippe
422 878 496 934 qui
545 877 765 934 opinatam
817 876 1075 933 sapientiam
1120 891 1244 920 suam
1282 875 1564 933 quantumvis

199 937 483 980 insanientem
540 933 659 976 omni
705 931 884 975 laudum
942 932 1272 990 praedicatione
1328 931 1564 990 superbius

199 994 350 1036 efferre
389 999 434 1035 et
469 988 732 1034 insolentius
778 989 943 1032 iactare
993 989 1178 1037 soleant.
1258 989 1328 1034 De
1379 1004 1469 1055 qun
1517 999 1565 1036 re

200 1050 306 1092 haec
347 1049 436 1091 {cre
459 1047 526 1091 dis
560 1052 671 1089 utat.
741 1045 964 1089 Feruntur
1004 1046 1126 1104 apud
1154 1060 1252 1101 nos,
1281 1046 1444 1103 inquit,
1473 1060 1564 1093 ser·

199 1121 348 1150 mones
378 1106 509 1149 etiam
557 1103 700 1148 itteris
732 1103 987 1160 perscripti,
1020 1105 1095 1160 qui
1125 1102 1245 1170 apud
1274 1118 1354 1149 vos
1385 1109 1566 1162 propter

199 1162 462 1220 reipublicae
502 1166 673 1204 vestrae
715 1159 993 1216 disciplinam
1031 1175 1298 1215 severiorem
1335 1158 1566 1217 haudqua-

199 1235 328 1276 quam
370 1219 746 1263 circumferuntur.
830 1216 1009 1275 Quippe
1057 1218 1244 1275 primum
1283 1217 1462 1274 quidem
1489 1231 1565 1260 an-

198 1277 433 1333 tiquissimi
465 1275 643 1332 quidam
672 1279 829 1331 poetae
862 1280 995 1340 atque
1025 1275 1261 1333 scriptores
1290 1274 1366 1318 alii
1393 1273 1452 1318 de
1479 1272 1567 1319 diis

200 1334 263 1376 ita
302 1339 527 1387 statuunt,
568 1337 617 1375 ut
645 1330 864 1389 principio
893 1331 1044 1374 dicant
1073 1331 1273 1376 extitisse
1302 1331 1476 1376 coelum
1513 1344 1568 1375 ac

199 1390 463 1446 reliquarum
495 1404 637 1432 rerum
669 1394 868 1431 naturam
878 1404 890 1440 ;
921 1403 1008 1444 quo
1038 1388 1158 1433 facto
1180 1388 1355 1433 illorum
1373 1387 1567 1435 omnium

199 1453 524 1504 persequuntur
566 1445 758 1503 origines
801 1451 936 1500 atque
985 1444 1096 1490 adeo
1139 1444 1405 1500 ostendunt,
1456 1459 1580 1501 quo··

200 1503 331 1547 modo
364 1504 424 1547 dii
456 1503 541 1546 orti
571 1503 662 1547 sint
691 1508 823 1558 atque
853 1501 972 1546 inter
1001 1502 1122 1560 ipsos
1153 1503 1417 1548 conversati.
1473 1500 1567 1548 Sed

200 1561 404 1617 antiquas
444 1561 554 1604 istas
595 1557 772 1615 quidem
812 1558 984 1603 fabulas
1024 1560 1071 1603 in
1108 1560 1333 1618 praesenti
1359 1558 1566 1605 nolumus

199 1625 347 1660 taxare
386 1617 608 1671 severius,
648 1631 783 1672 quum
822 1615 894 1659 vel
934 1622 1120 1673 propter
1148 1622 1414 1667 vetustatem
1442 1630 1566 1661 suam

200 1674 342 1717 lenius
383 1673 645 1717 iudicandae
686 1672 931 1716 videantur.
999 1673 1157 1731 Longe
1200 1674 1383 1732 gravius
1419 1679 1566 1717 autem

201 1731 384 1774 alterum
406 1737 473 1775 est
495 1745 636 1789 genus
659 1730 900 1786 hominum,
924 1730 999 1787 qui
1021 1730 1075 1774 de
1094 1730 1163 1776 his
1181 1731 1313 1776 rebus
1342 1728 1565 1774 iudicave-

200 1795 322 1840 runt,
364 1803 548 1843 quorum
587 1786 819 1843 opiniones
865 1801 970 1831 sane
1008 1787 1257 1832 accuratius
1293 1801 1565 1845 cognoscen-

201 1844 282 1887 dae
329 1852 373 1887 et
411 1844 671 1888 iudicandae
711 1850 825 1887 sunt.
895 1843 1155 1889 Extiterunt
1188 1844 1304 1888 enim
1333 1843 1453 1901 apud
1484 1858 1566 1889 nos

201 1901 353 1944 novitii
387 1902 563 1957 quidam
595 1900 844 1958 sapientes,
890 1901 966 1956 qui
997 1915 1132 1956 quum
1161 1901 1269 1946 alias
1296 1901 1354 1946 ob
1385 1915 1567 1945 caussas

204 1964 295 2000 tum
332 1962 461 2001 etiam
502 1958 602 2002 ideo
641 1958 729 2000 vim
769 1963 1056 2014 naturamque
1095 1957 1275 2003 deorum
1306 1957 1461 2002 tollere
1491 1972 1566 2002 eo·

204 2015 293 2056 nati
323 2020 448 2069 sunt,
491 2015 595 2071 quia
625 2015 778 2068 solem,
811 2014 982 2068 lunam,
1015 2022 1190 2070 terram,
1224 2014 1416 2072 denique
1447 2021 1568 2059 astra

202 2077 331 2126 atque
369 2071 514 2115 sidera
553 2087 639 2116 non
669 2086 767 2115 esse
797 2071 976 2114 numina
1006 2071 1156 2116 divina
1186 2072 1373 2131 intelligi
1400 2072 1565 2120 liceret.

201 2127 303 2182 Quo
335 2143 545 2173 concesso
608 2128 775 2172 rosecto
808 2127 1110 2172 demonstrare
1149 2129 1255 2175 item
1298 2129 1384 2174 erit
1410 2126 1566 2174 facilli-

202 2199 342 2235 mum,
375 2184 527 2228 eadem
560 2145 634 2228 ilia
673 2200 755 2229 nec
787 2200 931 2229 rerum
962 2184 1249 2231 humanarum
1280 2201 1436 2245 gerere
1465 2200 1560 2244 pro-

202 2241 481 2291 curationem.
558 2241 690 2296 Quod
721 2241 795 2285 ubi
827 2241 982 2286 Clinae
1013 2257 1190 2300 quoque
1220 2243 1284 2286 ita
1312 2243 1454 2290 visum
1482 2248 1566 2297 est,

204 2311 319 2338 nunc
360 2296 606 2341 faciendum
637 2305 860 2355 statuunt,
899 2305 950 2341 ut
978 2315 1069 2343 rem
1098 2300 1234 2358 longe
1263 2299 1566 2367 gravissimam

203 2352 451 2396 accuratius
491 2354 771 2398 considerent
809 2356 1027 2399 communi
1061 2371 1117 2401 ue
1144 2356 1313 2401 ¹studio
1361 2354 1567 2402 subtilius

204 2408 438 2463 exquirant
468 2411 532 2465 (p.
565 2411 659 2454 884.
691 2412 746 2455 A.
778 2437 831 2443 —-
862 2411 960 2458 887.
993 2371 1082 2468 03.
1113 2439 1166 2447 —
1234 2413 1398 2471 Itaque.
1422 2410 1565 2460 Athe·

203 2464 367 2508 niensis
409 2471 510 2508 ante
550 2467 695 2510 omnia
734 2482 820 2510 non
861 2468 995 2513 modo
1035 2469 1283 2523 mirandum
1317 2469 1406 2516 sed
1434 2469 1565 2516 etiam

202 2535 412 2579 perquam
447 2521 629 2579 indigne
660 2523 885 2568 ferendum
914 2541 1011 2570 esse
1038 2527 1129 2582 ait,
1161 2527 1280 2585 quod
1310 2526 1565 2578 homuncio·

201 2592 304 2622 num
344 2577 526 2622 istorum
566 2579 609 2621 in
651 2579 768 2636 impu
804 2581 951 2625 nando
990 2582 1172 2628 deorum
1218 2584 1396 2634 numine
1440 2589 1567 2634 tanta

202 2633 261 2680 sit
298 2633 499 2692 impietas
540 2641 673 2691 atque
713 2596 919 2692 sufficia,
963 2641 1131 2699 quippe
1168 2656 1303 2698 quum
1331 2639 1564 2699 multiplici

203 2691 270 2733 usi
299 2690 388 2735 sint
427 2691 516 2734 veri
548 2691 818 2747 intelligendi
859 2700 992 2748 atque
1024 2696 1322 2755 cognoscendi
1343 2704 1564 2757 *opportu-
