1644 2950
229 137 311 180 442
662 132 747 178 DE
777 133 1153 179 EPINOMIDIS

230 249 283 290 B.
316 247 367 290 C.
401 246 468 290 ed.
501 247 652 304 Viger.
685 247 942 292 Clemens
975 250 1127 292 Alex.
1161 248 1434 293 Str‹›m.111.
1464 250 1505 293 3.
1537 264 1579 305 p.

229 308 328 349 434.
356 305 407 348 C.
433 304 569 348 XIII.
597 306 660 348 18.
693 321 736 362 p.
760 308 855 350 702.
888 306 938 349 C.
972 306 1360 363 Theodoretus
1391 306 1580 363 Therap.

230 364 431 406 Sermon.
466 362 529 405 II.
573 379 616 421 p.
647 364 746 406 499.
793 365 849 408 A.
882 364 932 408 B.
966 363 1222 422 Cyrillus
1263 364 1418 407 Alex.
1463 362 1580 406 Adv.

230 421 390 463 Iulian.
423 419 556 463 VIII.
588 435 631 477 p.
665 422 762 463 271.
791 420 843 463 B.
874 421 1246 464 Nicomachus
1278 420 1514 466 Arithmet.
1539 436 1581 477 p.

230 479 299 521 ⁴20.
331 485 375 520 et
405 479 472 521 70.
505 476 573 520 ed.
604 479 703 521 Ast.
746 479 953 521 Harmon.
988 496 1028 536 p.
1060 483 1129 521 41.
1162 478 1230 521 ed.
1261 478 1397 522 Meib.
1429 477 1582 520 Theo

230 535 443 593 Smyrn.
497 535 569 577 De
601 535 810 578 Mathem.
847 553 887 593 p.
921 539 960 579 3.
993 543 1036 578 et
1074 538 1134 579 10.
1166 551 1230 592 sq.
1295 536 1364 579 De
1394 536 1512 579 Mus.
1541 551 1582 591 p.

231 595 300 636 31.
334 600 380 636 et
410 594 480 635 33.
515 593 754 635 Proclus
784 594 831 635 in
861 593 1034 636 Euclid.
1067 593 1102 635 I.
1134 610 1175 650 p.
1213 596 1276 637 12.
1315 594 1359 636 in
1397 592 1508 639 Tim.
1540 607 1583 649 p.

232 652 329 693 2159.
363 649 414 694 C.
445 650 520 705 qui
549 649 706 692 librum
739 650 926 693 subinde
959 651 1088 693 etiam
1129 651 1225 693 libri
1268 651 1386 693 tertii
1426 649 1583 693 decimi

231 709 401 765 Legum
436 707 759 751 Platonicarum
799 709 972 751 nomine
1018 709 1285 766 insigniunt,
1317 714 1377 752 ‘ut
1422 706 1585 753 diserte

231 766 336 809 tecit
366 764 750 808 Nicomachus
783 764 901 822 Isag.
932 764 1167 810 Arithmet.
1212 781 1254 822 p.
1286 766 1354 809 70.
1385 764 1453 820 ed.
1485 767 1583 807 Ast.

232 826 382 879 Atque
421 822 551 864 etiam
591 821 664 864 ille
704 822 799 879 ipse
839 822 1134 879 Diogenes
1163 821 1468 876 Laertius,
1510 822 1583 878 qui

231 895 344 923 unus
369 880 455 922 fere
488 887 680 922 veterum
712 880 962 923 criticorum
995 879 1049 922 de
1075 879 1168 922 eius
1198 879 1260 922 ori
1296 879 1440 923 inibus
1459 879 1584 921 dubi-

230 939 422 980 tationes
463 936 517 978 ad
559 937 831 993 posteritatis
887 937 1136 980 memoriam
1216 896 1402 991 rofiidiu
1440 943 1585 978 tamen

232 996 353 1039 Libr.
387 992 473 1036 III.
505 996 573 1036 37.
605 1010 692 1050 quo
725 995 822 1037 loco
855 994 1122 1036 adulterinos
1156 994 1188 1036 P
1208 995 1352 1037 atonis
1388 993 1587 1050 dialogos

231 1058 472 1106 enumerat,
505 1051 625 1094 illum
649 1051 776 1108 plane
793 1052 1048 1094 transmittit
1069 1051 1260 1106 silentio,
1279 1066 1334 1095 ac
1352 1051 1475 1094 Libr.
1499 1044 1585 1095 111.

232 1113 300 1153 56.
331 1117 376 1153 et
397 1112 464 1152 (51.
497 1124 563 1164 sq.
597 1109 765 1165 liquido
790 1116 998 1153 testatum
1033 1108 1223 1166 reliquit,
1257 1109 1396 1153 etiam
1422 1107 1587 1153 doctis-

231 1169 366 1212 simos
413 1166 735 1224 grammaticos,
778 1166 1224 1223 Aristophanem·
1254 1165 1587 1223 Byzantium

231 1232 276 1269 et
305 1224 691 1282 Thrasyllum,
722 1224 915 1267 libellum
947 1240 1026 1280 pro
1055 1238 1262 1281 germano
1290 1223 1456 1280 ingenii
1489 1223 1587 1266 Pla·

231 1282 367 1326 tonici
408 1282 499 1324 fetu
537 1281 768 1336 habuisse,
811 1282 975 1338 quippe
1015 1296 1148 1336 quum
1187 1280 1316 1324 ambo
1360 1281 1504 1337 ipsum
1542 1280 1587 1322 in

231 1339 422 1397 trilogiis
454 1338 523 1381 vel
553 1338 812 1395 tetralogiis,
845 1337 891 1380 in
922 1353 1032 1394 quas
1056 1338 1257 1380 Platonis
1291 1337 1492 1395 dialogos
1521 1336 1587 1379 di·

232 1397 466 1455 gesserint,
496 1403 616 1438 certo
648 1395 837 1451 quodam
867 1395 964 1438 loco
1007 1394 1282 1438 inseruerint.
1326 1394 1396 1437 Ex
1429 1394 1590 1450 quibus

234 1454 435 1497 omnibus
479 1453 675 1509 profecto
706 1453 946 1507 unicuique
987 1453 1266 1509 perspicuum
1305 1466 1400 1495 esse
1440 1451 1588 1505 debet,

233 1512 416 1566 antiqua
446 1517 563 1552 certe
594 1517 734 1552 aetate
768 1510 886 1552 viros
916 1509 1070 1553 doctos
1103 1510 1192 1552 tere
1231 1509 1276 1552 in
1319 1523 1372 1552 ea
1411 1509 1589 1565 conspi-

232 1583 352 1612 rasse
383 1567 628 1621 sententia,
662 1574 733 1621 ut,
763 1567 1043 1623 quantumvis
1076 1565 1130 1610 de
1158 1566 1293 1610 libelli
1322 1566 1413 1610 fide
1442 1572 1490 1610 et
1508 1582 1587 1610 -au-

233 1625 435 1669 ctoritate
458 1641 484 1667 a
506 1625 668 1669 criticis
700 1625 918 1668 nonnullis
949 1624 1195 1668 dubitatum
1228 1639 1323 1667 esse
1353 1630 1588 1677 constaret,

232 1690 378 1726 tamen
407 1682 549 1740 ipsum
571 1696 650 1739 pro
674 1682 864 1740 genuino
886 1681 1085 1726 Platonis
1104 1696 1235 1738 opere
1257 1680 1587 1739 agnoscendum

234 1755 332 1784 esse
361 1740 689 1784 arbitrarentur.
753 1739 851 1782 Nec
881 1754 985 1782 vero
1007 1739 1133 1783 aliter
1151 1738 1288 1782 multo
1313 1737 1588 1783 sentiendum

236 1805 305 1842 est
333 1796 388 1840 de
419 1797 690 1854 temporibus
719 1797 1048 1840 recentioribus.
1124 1796 1242 1841 Nam
1278 1796 1355 1852 qui
1395 1796 1589 1853 proxime

235 1862 336 1914 post
366 1855 669 1898 Patritium
703 1854 836 1911 longo
867 1869 972 1896 sane
1001 1853 1174 1912 agmine
1203 1854 1249 1896 in
1276 1852 1466 1897 medium
1487 1867 1589 1910 pro-

236 1913 410 1956 dierunt
447 1912 656 1956 historiae
697 1911 1002 1968 philosophiae
1047 1916 1337 1963 enarratores,
1368 1911 1416 1964 ii,
1451 1924 1590 1966 quan·

204 1976 328 2013 “tum
360 1985 440 2012 nos
468 1969 645 2025 quidem
673 1969 880 2021 sciamus,
911 1968 1028 2011 illius
1059 1967 1222 2016 iudicio
1250 1966 1589 2025 haudquaquam

236 2027 421 2085 permoti
456 2034 574 2081 sunt,
605 2033 655 2070 ut
685 2026 796 2070 libro
826 2025 954 2068 fidem
987 2024 1269 2083 derogarent3
1299 2023 1388 2068 imo
1417 2024 1492 2068 illo
1516 2039 1590 2068 us·

237 2100 322 2141 que
362 2084 431 2127 usi
470 2099 565 2128 esse
603 2084 882 2140 reperiuntur
919 2090 1142 2149 tamqpam
1192 2083 1312 2126 fonte
1351 2082 1591 2140 sapientiae

239 2142 492 2185 Platonicae
523 2141 839 2192 sincerissim03
888 2139 1007 2196 quod
1044 2156 1185 2197 ipsum
1224 2141 1354 2184 etiam
1393 2139 1461 2183 vir
1491 2139 1592 2182 Pla-

237 2199 412 2242 tonicae
444 2198 668 2242 doctrinfle
699 2198 854 2242 notitia
881 2198 1012 2255 longe
1044 2197 1423 2251 instructissimus,
1454 2193 1513 2239 G.
1532 2196 1589 2240 G.

241 2256 593 2298 Tennemann
609 2272 686 2309 us,
715 2255 878 2299 iudicio
910 2271 990 2298 suo
1022 2253 1340 2312 comprobavit,
1368 2252 1590 2323 qniSyst.

242 2311 405 2356 Philos.
439 2313 550 2355 Plat.
583 2314 682 2355 Vol.
717 2313 753 2355 Ι.
786 2329 829 2369 p.
861 2314 929 2354 92.
959 2327 1026 2368 sq.
1070 2310 1346 2368 Epinomidis
1375 2310 1517 2355 fidem.
1540 2326 1591 2354 ea

240 2369 406 2413 ratione
436 2377 609 2412 tutatus
639 2377 728 2423 est,
761 2379 811 2413 ut
848 2384 1008 2413 naevos
1048 2369 1181 2424 istos,
1252 2369 1381 2413 uibus
1419 2367 1592 2412 libellus

241 2434 309 2471 est
340 2425 635 2480 deformatus,
668 2428 722 2471 ab
754 2427 881 2470 senili
920 2427 1147 2484 scriptoris
1182 2426 1239 2470 im
1275 2426 1480 2470 eoillitate
1518 2440 1590 2468 ex-

242 2484 513 2528 cusationem
545 2483 703 2527 habere
732 2484 1002 2527 iudicaverit.
1064 2483 1156 2526 Iam
1189 2500 1290 2528 vero
1320 2483 1413 2540 qui
1438 2488 1594 2549 postea

244 2541 382 2585 exorti
414 2548 516 2583 sunt
545 2541 695 2597 scripti
728 2541 995 2584 controversi
1028 2548 1382 2598 oppugnatores,
1427 2540 1456 2583 i1
1490 2539 1593 2583 lieet

243 2597 552 2657 permultorum
571 2598 818 2641 criticorum
839 2598 1020 2641 tulerint
1038 2598 1264 2663 suffragia,
1293 2604 1437 2641 tamen
1461 2610 1594 2653 opera

243 2671 325 2700 sua
353 2655 608 2712 neutiquam
640 2654 683 2697 id
712 2654 965 2709 eflecerunt,
1008 2662 1058 2698 ut
1087 2655 1286 2698 omnibus
1326 2653 1381 2697 de
1417 2661 1591 2697 senten-

243 2714 331 2757 tiae
362 2727 465 2757 suae
496 2712 676 2756 veritate
708 2711 1055 2769 persuaderetur.
1116 2711 1247 2755 Multi
1266 2712 1382 2755 enim
1400 2710 1592 2755 libellum
