1618 2950
187 110 269 152 334
697 105 1163 152 ARGUMENTUM

189 219 503 278 disputandum
535 220 606 262 sit.
666 219 791 263 Nihil
820 220 936 263 enim
965 221 1207 278 perfeetum
1239 226 1285 264 et
1301 219 1553 265 absolutum

190 294 288 322 esse
329 278 581 332 arbitratur,
613 277 739 320 cuius
770 278 1096 321 conservationi
1129 292 1216 321 non
1247 277 1348 322 rite.
1369 286 1554 335 prospe-

189 343 309 379 ctum
341 335 412 378 sit.
473 333 768 388 Quamobrem
800 336 929 378 etiam
959 335 1043 377 hoc
1075 333 1315 378 curandum
1345 335 1410 377 ait
1434 347 1552 389 esse,

188 399 238 435 ut
266 392 535 450 reipublicae
563 406 668 435 suae
696 391 817 449 leges
846 398 891 435 et
919 392 1124 435 instituta
1155 406 1284 447 quam
1306 390 1553 434 diutissime

189 449 313 492 salva
349 455 554 492 maneant
589 455 634 491 et
672 448 922 492 incolumia.
981 448 1036 492 Id
1067 455 1212 492 autem
1242 449 1341 492 fieri
1368 448 1432 490 ita
1459 452 1556 490 tan-

189 515 280 550 tum
311 521 445 563 posse
475 506 714 561 existimat,
747 506 785 549 si
813 506 860 549 in
889 506 1068 550 civitate
1098 520 1254 550 reeens
1285 504 1464 549 condita
1486 519 1556 548 re—

189 564 438 621 periantur,
479 563 556 619 qui
593 563 855 620 sapientiam
899 569 944 606 et
980 564 1073 606 veri
1118 563 1416 620 cognitionem
1455 575 1556 605 eum

189 636 334 664 rerum
395 635 479 665 usu
529 626 573 662 et
631 619 902 675 experientia
947 621 1226 664 coniunctam
1273 618 1554 677 possideant,

189 678 378 734 ideoque
420 677 606 735 primum
686 676 831 719 uidem
877 676 1009 719 finem
1059 677 1229 721 civitati
1281 675 1556 735 propositum

189 735 327 792 probe
356 739 638 792 perspectum
699 733 874 788 abeant,
905 748 958 776 ae
981 733 1142 777 deinde
1170 734 1304 777 etiam
1333 732 1554 788 noverint,

191 792 454 848 quibusnam
493 791 667 848 legibus
707 796 754 832 et
791 805 978 845 quorum
1007 790 1231 834 hominum
1262 805 1399 847 opera
1428 795 1556 833 uten-

191 849 293 891 dum
334 849 416 902 sit,
493 863 550 890 uo
590 847 778 890 feliciter
818 846 874 889 ad
915 846 1038 890 illum
1067 847 1361 913 perveniatur.
1420 846 1482 890 Et
1510 846 1556 889 in

190 912 344 949 nostra
383 905 460 961 qui
496 920 563 946 em
593 904 796 958 civitate,
829 904 996 959 inquit,
1038 903 1256 947 eiusmodi
1284 904 1370 947 viri
1400 904 1555 959 utique

190 963 488 1020 reperiuntur3
528 967 632 1004 sunt
662 961 776 1003 enim
807 976 895 1003 non
927 960 1024 1016 alii,
1071 961 1246 1017 quaml
1307 977 1380 1003 um
1408 966 1558 1004 eusto-

191 1019 269 1063 des
307 1025 415 1062 natu
455 1018 654 1073 maximi,
699 1024 1015 1074 praetereaque
1064 1018 1119 1073 ii,
1165 1018 1238 1074 qui
1294 1017 1558 1061 audabiliter

191 1083 295 1119 sunt
325 1076 619 1133 peregrinati,
662 1089 900 1131 omnesque
940 1076 1119 1118 iuvenes
1150 1075 1206 1118 ab
1235 1074 1323 1118 illis
1351 1074 1477 1130 quasi
1509 1074 1557 1117 in

193 1134 449 1176 societatem
481 1132 710 1187 advocati,
757 1132 832 1188 qui
894 1131 1040 1175 uidem
1072 1137 1222 1176 omnes
1250 1139 1387 1190 agant
1414 1137 1557 1174 matu-

191 1191 332 1233 tinum
370 1190 493 1232 illum
532 1196 820 1243 conventum,
863 1147 918 1232 de
945 1204 1032 1244 quo
1062 1189 1211 1246 paullo
1253 1195 1356 1232 ante
1393 1189 1558 1231 iniecta

192 1255 261 1291 est
299 1248 476 1291 mentio.
538 1247 597 1289 Hi
635 1247 772 1304 igitur
807 1253 1020 1303 perpetuo
1065 1246 1120 1289 ob
1151 1245 1302 1289 oculos
1332 1245 1559 1288 habebunt

193 1305 323 1347 finem
364 1303 531 1348 civitati
571 1304 874 1360 propositum,
915 1318 1044 1359 quem
1089 1318 1178 1345 non
1208 1303 1252 1345 in
1282 1302 1558 1360 singulorum

193 1361 468 1418 quorundam
507 1360 668 1403 civium
706 1360 906 1417 potentia
951 1366 995 1403 et
1044 1360 1333 1414 auctoritate,
1380 1375 1472 1402 non
1511 1359 1558 1402 in

191 1434 326 1475 opum
357 1434 410 1461 ae
439 1418 690 1460 divitiarum
723 1417 1033 1474 possessione,
1066 1415 1257 1473 denique
1287 1431 1378 1459 non
1406 1417 1453 1459 in
1482 1430 1558 1458 ex-

192 1483 416 1518 ternorum
447 1476 660 1518 bonorum
692 1475 821 1531 copia
852 1481 896 1517 et
928 1473 1156 1516 affluentia
1185 1473 1305 1516 cerni
1344 1472 1558 1516 iudicavi-

190 1548 315 1587 mus,
356 1531 435 1575 sed
478 1533 628 1588 potius
670 1532 864 1588 positum
894 1531 1112 1574 voluimus
1143 1545 1239 1574 esse
1270 1531 1316 1574 in
1348 1545 1437 1573 una
1464 1529 1560 1573 sola

195 1591 383 1644 virtute,
424 1589 728 1645 imprimisque
757 1589 803 1631 in
834 1588 1075 1645 sapientia,
1116 1588 1278 1645 quippe
1317 1602 1429 1643 quae
1457 1587 1558 1629 reli-

196 1663 381 1703 quarum
433 1646 643 1688 virtutum
694 1646 886 1688 omnium
935 1651 1142 1701 tanquam
1191 1645 1346 1703 regina
1383 1649 1452 1688 est
1492 1645 1557 1701 (p.

193 1706 292 1748 961.
324 1703 413 1756 B.).
456 1728 512 1734 —
580 1703 954 1760 Oportet-autem
995 1702 1243 1757 civitatem,
1287 1716 1400 1759 quae
1435 1700 1559 1744 salva

193 1761 253 1803 sit
281 1776 509 1815 mansura,
552 1760 736 1803 similem
767 1775 863 1803 esse
894 1759 1130 1812 animanti,
1158 1765 1317 1801 ¹*mente
1350 1763 1396 1801 et
1432 1772 1558 1815 prae-

192 1818 475 1861 stantissimis
531 1817 652 1860 visus
706 1823 751 1860 et
805 1816 982 1860 auditus
1039 1816 1244 1859 sensibus
1297 1815 1557 1869 instructae,

195 1874 554 1930 quandoquidem
595 1873 727 1917 huius
775 1874 1006 1929 utriusque
1054 1873 1116 1915 rei
1167 1872 1362 1915 bonitate
1412 1871 1558 1915 eunius-

193 1947 279 1988 que
335 1931 569 1974 animantis
617 1931 736 1974 salus
782 1937 826 1973 et
882 1929 1159 1973 conservatio
1209 1928 1395 1971 maxime
1453 1943 1558 1971 eon-

193 1990 370 2031 tinetur.
429 1988 588 2042 Itaque
628 1994 872 2030 conventus
900 1987 989 2040 ille,
1023 2001 1151 2042 quem
1181 1984 1452 2039 dicebamus,
1481 1983 1559 2028 de·

194 2046 271 2089 bet
290 2046 446 2088 mentis
478 2051 523 2087 et
544 2044 1018 2101 praestantissimorum
1049 2058 1258 2086 sensuum
1277 2042 1416 2086 instar
1445 2055 1558 2097 esse,

196 2109 328 2158 atque
366 2102 543 2160 penitus
583 2108 862 2159 perspectum
903 2101 1089 2155 habere,
1133 2099 1311 2155 quinam
1351 2099 1410 2143 sit
1456 2097 1559 2142 finis

193 2161 428 2203 universae
462 2159 683 2214 civitatis,
723 2158 778 2201 ad
809 2173 996 2214 eumque
1030 2157 1175 2200 omnia
1206 2171 1258 2199 ae
1287 2155 1463 2214 singula
1491 2170 1559 2199 re-

193 2216 322 2269 ferre,
353 2216 504 2259 vitatis
528 2216 676 2260 multis
705 2215 791 2259 illis
812 2215 1032 2271 variisque
1062 2213 1236 2268 studiis,
1267 2213 1429 2269 quibus
1449 2211 1558 2256 alias

190 2288 333 2315 rerum
357 2273 631 2328 publicarum
651 2273 968 2330 gubernatores
990 2271 1119 2314 facile
1149 2269 1390 2313 transversi
1419 2284 1559 2327 agun-

191 2335 275 2372 tur.
337 2328 495 2385 Itaque
521 2330 584 2372 illi
612 2331 806 2373 civitatis
846 2328 1054 2373 custodes
1091 2332 1223 2371 ‘nosse
1266 2325 1429 2370 debent
1457 2332 1559 2370 ante

192 2385 352 2439 omnia,
387 2387 451 2428 uti
474 2386 679 2442 diximus,
711 2402 926 2442 quaenam
949 2386 1008 2429 sit
1037 2385 1209 2428 virtutis
1238 2384 1306 2428 vis
1331 2392 1377 2427 et
1403 2388 1560 2427 natuta

191 2449 235 2486 et
265 2457 480 2498 quaenam
511 2443 604 2486 eius
638 2451 786 2500 partes
817 2450 950 2499 atque
978 2443 1159 2494 formae,
1192 2441 1256 2483 ita
1285 2439 1479 2497 quidem,
1509 2447 1560 2483 ut

191 2500 268 2556 qui
301 2505 406 2542 sunt
445 2514 499 2542 ex
530 2500 582 2544 iis
621 2500 827 2555 iuvenes,
866 2506 1003 2543 totam
1049 2499 1273 2542 civitatem
1315 2497 1443 2552 quasi
1473 2496 1558 2541 eir-

195 2556 415 2600 cumeirca
466 2556 720 2600 intueantur
767 2564 812 2600 et
861 2554 1080 2613 quidquid
1131 2554 1409 2612 perceperint
1452 2559 1558 2596 natu

194 2613 432 2657 maioribus
462 2614 688 2668 nuntient,
728 2629 855 2658 senes
886 2629 1006 2668 vero,
1037 2618 1246 2667 tanquam
1276 2609 1413 2653 menti
1438 2609 1558 2653 simi-

194 2670 275 2727 les,
308 2669 561 2715 eonsultent
599 2677 644 2714 et
681 2671 877 2715 consiliis
912 2685 1010 2714 eum
1048 2667 1281 2711 iuvenibus
1320 2666 1559 2711 eommuni-
