1618 2950
0 1337 9 1403 Ξ
81 1348 296 1407 fungitur,
323 1347 500 1404 publice
527 1353 764 1390 accusator
781 1353 824 1390 et
852 1361 995 1404 poena
1014 1345 1263 1389 mulctator.

421 965 1124 1060 ARGUMENTUM.

479 1106 662 1144 mn!
686 1104 1066 1144 DUOBECUU.

0 1314 6 1330 :
83 1255 148 1334 Si
185 1289 284 1357 quis
324 1289 503 1349 publico
540 1289 676 1347 legati
716 1289 788 1332 vel
820 1289 1058 1347 praeconis
1096 1300 1275 1330 munere
1315 1299 1451 1385 22²⁹?

1364 1348 1451 1385 urtt

82 1412 130 1449 et
166 1404 345 1463 rapinae
386 1403 606 1462 supplicia
641 1403 795 1462 gravia
832 1411 965 1447 sunto
1004 1417 1143 1459 eaque
1192 1399 1335 1444 eidem
1373 1399 1450 1442 ob·

83 1462 217 1506 noxia
243 1460 430 1515 iudici03
474 1476 528 1505 ne
562 1475 617 1504 ue
647 1462 763 1504 enim
801 1462 887 1505 ista
916 1461 1100 1505 crimina
1129 1459 1184 1502 ab
1216 1459 1272 1500 iis
1302 1471 1450 1500 narra·

84 1518 280 1563 tionibus
310 1518 475 1562 habent
502 1517 547 1561 ul
565 1533 635 1561 am
665 1517 970 1561 defensionem
1004 1518 1072 1561 vel
1103 1514 1448 1566 excusationem,

83 1590 199 1632 quae
236 1574 371 1635 vulgo
409 1582 572 1619 temere
611 1574 667 1618 de
710 1575 832 1619 Iovis
860 1575 963 1619 filiis
989 1574 1357 1619 circumferuntur
1387 1572 1450 1628 (p.

82 1636 182 1678 941.
212 1655 270 1666 ——
298 1633 398 1677 942.
429 1633 534 1686 A.)
566 1657 623 1664 —
681 1632 955 1690 Disciplinae
993 1631 1192 1675 militaris
1221 1629 1451 1672 maximam

82 1696 260 1748 oportet
305 1703 404 1733 esse
443 1690 734 1734 constantiam
775 1696 820 1733 et
854 1690 1149 1734 severitatem.
1229 1686 1454 1742 Quocirca

80 1753 170 1791 tam
209 1745 315 1791 belli
354 1761 487 1803 quam
526 1746 650 1813 pacis
686 1754 883 1805 tempore
923 1762 1073 1791 omnes
1112 1743 1452 1789 exercitationes

82 1810 128 1848 et
154 1803 501 1849 consuetudines
536 1811 600 1847 ita
637 1811 917 1862 comparatae
948 1819 1047 1848 esse
1077 1803 1264 1851 debent,
1297 1807 1348 1843 ut
1376 1799 1452 1842 illa

80 1876 211 1918 quam
241 1861 426 1904 maxime
455 1861 509 1905 iis
540 1860 778 1905 adiuvetur
794 1868 927 1918 atque
952 1860 1262 1911 confit-metum
1289 1858 1343 1900 iis
1375 1872 1451 1899 au-

79 1930 193 1973 tem,
236 1918 312 1975 qui
351 1918 550 1961 militiam
597 1918 928 1978 subterfugiunt
964 1926 1043 1962 aut
1082 1933 1201 1961 arma
1240 1915 1452 1959 abiiciunt

81 1983 159 2019 aut
195 1976 242 2019 in
282 1975 375 2019 acie
413 1975 559 2019 locum
602 1989 730 2019 suum
770 1975 984 2020 deserunt
1058 1974 1235 2019 debitae
1283 1986 1451 2030 poenae

80 2038 184 2076 sunt
210 2031 487 2090 irrogandae.
538 2032 817 2089 Quamquam
841 2009 1086 2077 cavendum
1107 2039 1174 2075 est
1193 2030 1364 2084 sedulo,
1395 2043 1451 2071 ne

81 2090 128 2132 in
167 2088 395 2132 inferendo
436 2089 641 2146 ignaviae
685 2105 736 2134 ac
778 2091 920 2148 turpis
971 2089 1221 2132 timiditatis
1270 2086 1451 2131 crimine

78 2145 323 2190 calumniae
352 2145 477 2190 locus
516 2145 785 2190 coucedatur
815 2148 887 2205 (p.
918 2148 1018 2192 942.
1052 2148 1109 2190 A.
1139 2170 1196 2178 —
1225 2146 1325 2187 945.
1356 2145 1451 2193 A.).

77 2227 135 2237 —
163 2202 508 2261 Magistratuum
540 2218 719 2260 eorum,
759 2205 833 2260 qui
874 2219 902 2247 a
930 2203 1092 2248 ceteris
1121 2201 1451 2261 magistratibus

0 2258 6 2263 “
80 2260 284 2304 omnibus
314 2260 527 2304 rationem
558 2276 724 2317 eorum,
756 2276 869 2317 quae
897 2262 1141 2319 gesserint,
1173 2259 1374 2318 exigant,
1406 2266 1451 2301 et

79 2316 271 2361 εὔθυναι
302 2325 533 2374 vocantur,
574 2332 785 2362 summam
816 2320 1026 2362 convenit
1054 2333 1153 2362 esse
1191 2316 1450 2375 sapientiam

6 2419 7 2422 ,
79 2381 126 2418 ct
164 2374 385 2418 virtutem.
455 2374 625 2418 Pendet
660 2376 776 2418 enim
825 2390 879 2419 ex
926 2390 1078 2419 eorum
1117 2390 1225 2419 cura
1263 2373 1452 2417 maxima

0 2427 9 2446 '·
81 2446 183 2489 pars
212 2431 369 2476 salutis
402 2432 619 2490 publicae.
679 2431 903 2487 Quocirca
939 2434 1059 2476 cives
1089 2434 1133 2476 in
1164 2433 1216 2475 iis
1248 2429 1451 2474 creandis

78 2504 249 2533 summa
276 2504 375 2532 cum
405 2489 618 2547 religione
649 2490 816 2533 versari
846 2489 1022 2534 debent.
1081 2488 1287 2547 Eligendi
1319 2487 1453 2551 igitur

8 2572 10 2575 f
79 2546 263 2591 solemni
305 2546 391 2590 ritu
432 2555 520 2590 tres
562 2547 697 2589 totius
735 2548 927 2591 civitatis
968 2548 1047 2591 viri
1086 2544 1451 2606 praestantissumi

79 2611 205 2658 nunt,
251 2605 327 2661 qui
367 2602 526 2647 deinde
575 2603 808 2648 duodecim
858 2606 1076 2648 rationum
1130 2600 1450 2647 reddendarum

82 2661 381 2720 exploratores
413 2662 626 2718 deligant,
659 2661 927 2718 (ἑυθύνονς)
957 2677 1134 2707 munere
1157 2661 1239 2704 sibi
1272 2658 1450 2701 deman-
