1644 2950
230 124 313 168 466
663 119 748 164 ΒΕ
782 116 1162 163 EPINOMIDIS

231 249 335 280 vera
365 233 500 277 libelli
529 237 683 276 auctor
712 232 818 289 fuit,
861 233 1167 291 Epinomidem
1208 239 1309 279 ante
1350 232 1435 277 hoc
1477 239 1584 278 tem-

231 308 314 351 pus
345 290 536 336 edidisse
562 289 824 334 iudicandus
855 291 927 335 sit.
995 295 1057 335 At
1094 294 1208 335 enim
1241 305 1344 336 vero
1379 291 1463 336 illo·
1486 292 1586 349 qui-

234 352 331 393 dem
370 355 566 406 tempore
605 347 749 404 ipsum
786 357 944 405 sponte
984 349 1239 408 intelligitur
1291 348 1378 392 iam
1429 349 1585 407 grandi

235 413 463 452 senectute
493 406 627 449 fuisse
657 413 926 463 oppressum.
995 407 1215 451 Narratur
1243 405 1381 460 enim,
1411 413 1462 450 ut
1493 422 1586 450 mo-

236 465 294 508 do
335 463 546 518 vidimus,
587 478 677 506 non
718 470 885 506 tantum
923 463 1176 518 Platonem,
1224 462 1303 506 sed
1341 463 1470 507 etiain
1503 463 1585 508 So·
1634 464 1639 469 ’

237 528 400 566 cratem
429 520 669 575 audivisse,
699 528 749 564 ut
809 528 880 564 ost
910 520 1086 587 Olymp.
1106 521 1233 565 CXI.
1265 522 1304 564 2.
1334 535 1469 564 senex
1496 521 1586 564 fere

238 579 486 637 decrepitus
532 578 676 620 fuerit.
754 538 875 632 (guid
919 579 1084 636 igitur?
1137 577 1586 635 quamnam'tandem

238 652 436 681 caussam
464 636 598 679 fuisse
628 636 998 691 existimabimus,
1039 652 1116 680 cur
1155 644 1241 679 tam
1282 635 1430 679 multis
1460 636 1585 678 annis

238 701 360 752 post,
402 709 532 750 quam
572 693 717 750 Leges
742 693 940 736 Platonis
979 709 1007 736 e*
1045 695 1203 738 ceratis
1235 693 1394 736 tabulis
1423 692 1585 736 descri-

239 758 338 810 ptas
369 750 696 808 divulgaverat,
743 750 874 793 talem
911 750 998 794 illis
1040 752 1336 795 accessionem
1366 756 1587 807 tamquam

241 809 403 861 cumuli
432 809 567 851 instar
606 806 907 862 subiunxerit?
973 808 1209 852 Enimvero
1265 808 1304 852 si
1351 823 1463 865 opus
1501 808 1589 851 Le-

242 883 345 925 gum
377 882 456 923 pro
490 880 664 908 manco.
684 871 728 908 et
767 865 1022 922 imperfecto
1061 865 1237 920 habuit,
1278 872 1396 909 certe
1436 865 1589 909 verisi-

241 924 343 967 mile
375 930 465 975 est,
510 938 607 965 eum
637 923 721 964 iam
752 938 838 979 quo
871 929 1064 980 tempore
1094 922 1202 966 illud
1233 923 1420 980 primum
1448 922 1494 965 in
1525 922 1590 965 lu-

243 997 336 1024 cem
369 979 508 1024 edidit
536 980 839 1036 suppleturum
870 980 1004 1023 fuisse
1035 996 1148 1036 quae
1180 979 1236 1023 ad
1278 980 1373 1024 eius
1409 979 1590 1038 integri·

241 1044 376 1082 tatem
408 1037 561 1081 deesse
588 1036 853 1080 viderentur.

359 1097 422 1138 At
464 1111 594 1147 vero,
635 1094 795 1137 dixerit
833 1093 1235 1151 quispiam-istud
1273 1094 1286 1136 i
1321 1108 1415 1137 sum
1445 1099 1591 1136 tamen

245 1152 420 1197 videtur
451 1151 662 1195 eiusmodi
694 1167 805 1207 esse,
839 1150 953 1194 unde
986 1151 1179 1195 libellum
1208 1151 1287 1195 aP
1321 1151 1456 1208 ilippo
1486 1149 1592 1193 scri-

245 1216 368 1268 ptum
391 1225 487 1253 esse
514 1209 806 1252 verisimiliter
829 1209 1046 1251 coniicere
1065 1208 1208 1254 liceat.
1228 1231 1233 1233 >
1268 1207 1457 1266 Scripsit
1479 1206 1592 1250 enim

247 1269 366 1315 illum
409 1282 565 1321 seneX,
609 1266 972 1322 quemadmodum
1010 1266 1140 1308 etiam
1180 1266 1409 1309 Platonem
1447 1265 1595 1307 ferunt

249 1324 404 1384 grandi
445 1324 618 1367 demum
661 1330 888 1366 senectute
921 1323 1067 1379 Leges
1107 1338 1208 1366 suas
1245 1322 1403 1365 litteris
1443 1335 1593 1364 exarae

247 1384 376 1426 visse.
447 1381 623 1423 Etenim
662 1381 769 1423 vitia
809 1380 906 1434 illa,
948 1380 1107 1435 quibus
1145 1380 1372 1438 Epinomis
1409 1378 1592 1432 laborat,

251 1438 628 1494 certescriptoris
659 1444 928 1481 senectutem
955 1444 1146 1495 arguunt
1173 1437 1372 1493 adeoque
1401 1435 1504 1479 inde
1525 1449 1595 1478 sa-

249 1498 307 1540 tis
338 1495 540 1539 idoneam
569 1495 731 1538 habent
762 1494 1099 1539 excusationem.
1160 1494 1235 1537 Ad
1263 1509 1375 1551 quae
1407 1491 1594 1546 accedit,

249 1553 369 1610 quod
405 1554 451 1596 in
492 1568 543 1596 ea
577 1553 709 1595 etiam
740 1553 970 1595 manifesta
1000 1550 1386 1609 deprehenduntur
1411 1549 1599 1607 vestigia

249 1611 366 1654 illius
406 1610 744 1668 philosophandi
786 1610 991 1663 rationis,
1041 1624 1152 1665 quae
1201 1615 1373 1652 mortuo
1413 1607 1596 1650 Platone

249 1667 352 1711 inde
382 1683 408 1710 a
435 1668 684 1725 Speusippo
714 1667 1015 1724 imprimisque
1044 1666 1147 1709 inde
1178 1682 1204 1709 a
1231 1665 1497 1710 Xenocratis
1526 1679 1597 1706 ae·

251 1732 342 1768 tate
372 1726 418 1768 in
448 1725 584 1768 veteri
616 1724 856 1768 Academia
885 1739 1068 1782 regnare
1100 1724 1260 1780 coepit.
1329 1723 1444 1766 Tum
1483 1721 1597 1767 enim

253 1783 451 1826 doctrina
477 1782 677 1826 Platonis
708 1782 765 1825 ad
781 1782 1157 1840 Pythagoreorum
1188 1781 1399 1824 rationem
1429 1793 1599 1823 accom-

253 1839 422 1884 modari
452 1847 611 1896 coepta
640 1846 733 1892 est,
777 1846 909 1895 atque
940 1846 1031 1881 tum
1064 1840 1195 1882 etiam
1234 1839 1295 1880 ita
1323 1836 1510 1890 accidit,
1551 1841 1599 1877 ut

253 1897 412 1941 studiis
444 1897 760 1940 mathematicis
792 1896 1053 1954 praecipuus
1093 1896 1136 1938 in
1168 1894 1446 1952 philosophia
1473 1893 1596 1936 locus

255 1954 592 2009 concederetur,
634 1955 795 2011 quippe
827 1969 959 2009 quum
990 1953 1156 1996 numeri
1186 1951 1296 1995 adeo
1326 1952 1372 1994 in
1402 1949 1597 1993 idearum

196 2016 200 2021 '
254 2013 399 2055 locum
430 2012 758 2055 successissent.
828 2010 948 2065 Quid
986 2010 1147 2069 igitur?
1219 2010 1386 2052 otuitne
1426 2007 1509 2052 hac
1537 2021 1597 2049 re-

257 2085 352 2112 rum
383 2069 632 2112 conditione
660 2069 723 2111 ita
750 2068 858 2123 fieri,
891 2075 942 2110 ut
965 2026 1241 2125 Epinomidis
1268 2073 1423 2110 auctor
1451 2065 1598 2122 Leges

256 2126 451 2169 Platonis
491 2142 542 2169 eo
582 2125 711 2169 modo
741 2125 945 2183 supplere
976 2132 1230 2179 conaretur,
1272 2124 1344 2180 qui
1388 2129 1504 2166 esset
1533 2136 1600 2163 re-

259 2184 441 2226 centiori
476 2184 798 2226 Platonicorum
831 2182 1056 2226 doctrinae
1094 2180 1387 2226 conveniens?
1461 2178 1601 2222 Audi-

259 2254 354 2282 mus
386 2255 510 2295 vero,
551 2241 746 2297 adeoque
778 2241 887 2284 haec
919 2241 1062 2283 omnia
1091 2240 1289 2297 speciose
1328 2239 1390 2281 ita
1419 2236 1508 2280 dici
1535 2236 1597 2279 lu-

259 2296 413 2340 benter
439 2298 659 2354 largimur.
728 2297 1023 2341 Nihilominus
1063 2304 1205 2340 autem
1235 2297 1328 2350 iure
1358 2302 1507 2339 nostro
1538 2293 1600 2335 vi-

259 2353 411 2396 demur
443 2355 705 2398 contendere
737 2363 781 2398 et
801 2369 1074 2404 asseverare,
1105 2354 1255 2399 eadem
1285 2353 1323 2397 si
1353 2350 1600 2396 accuratius

259 2410 419 2453 tuerint
449 2412 706 2466 examinata,
736 2413 799 2455 ita
829 2413 1019 2455 futurum
1052 2427 1170 2465 esse,
1211 2421 1261 2455 ut
1298 2407 1599 2465 omnifproba—

260 2468 430 2511 bilitate
461 2466 672 2510 destituta
704 2484 799 2512 esse
831 2468 1066 2513 iudicanda
1097 2468 1338 2512 videantur.
1407 2465 1521 2510 Nam
1552 2471 1602 2507 ut

260 2524 366 2568 nibil
395 2524 589 2568 dicamus
630 2526 683 2568 de
723 2542 797 2579 eo,
840 2526 957 2582 quod
997 2542 1049 2569 ne
1094 2527 1176 2570 hac
1217 2523 1390 2582 quidem
1430 2522 1600 2565 ratione

260 2581 529 2639 intelligitur,
562 2597 639 2625 cur
659 2582 890 2639 Philippus
920 2591 1006 2626 tam
1039 2599 1136 2628 sero
1164 2581 1444 2639 scriptionem
1475 2580 1600 2623 istam

261 2639 520 2690 instituerit3
552 2639 624 2687 illa
654 2640 770 2696 ipsa,
804 2656 914 2696 quae
945 2640 1176 2693 dicuntur,
1209 2638 1398 2682 novitiae
1429 2634 1600 2680 Acade·-

261 2696 469 2741 micorum
501 2695 724 2740 doctrinae
755 2698 943 2755 vestigia
969 2696 1183 2742 eiusmodi
1220 2702 1348 2750 sunt,
1388 2701 1438 2738 ut
1467 2693 1601 2737 homi·
