1618 2950
196 89 280 133 336
342 85 808 131 ARGUMENTUM
828 83 1014 129 ‘LIBRI
1047 82 1437 129 DUODECIMI.

198 201 330 245 fuerit
368 207 414 244 et
443 199 711 257 compositus
743 198 918 242 divinus
949 198 1021 241 ille
1053 202 1318 254 conventus,
1348 196 1564 243 tradenda

198 260 239 302 ei
268 258 427 302 civitas
457 263 526 300 est
556 257 652 300 sine
683 256 772 300 ulla
802 254 1101 308 dubitatione3
1148 270 1250 298 nam
1279 270 1431 299 revera
1458 253 1563 298 effe-

198 322 316 359 ctum
345 316 430 358 erit
460 314 582 370 quod
610 313 760 371 paullo
793 319 894 356 ante
936 319 1143 368 tanquam
1173 313 1392 356 somnium
1421 311 1564 369 quod·-

199 373 300 416 dam
330 372 676 430 attingebamus‚
708 371 864 427 eapitis
897 376 942 413 et
971 370 1152 424 mentis,
1183 367 1300 413 unde
1328 368 1564 413 animantis

199 430 414 486 cuiusque
453 428 667 486 penderet
696 428 997 482 conservatio,
1039 427 1275 482 imaginem
1346 441 1565 483 reponen-

198 495 281 542 tes,
313 487 350 531 si
381 486 511 530 modo
541 485 587 529 hi
617 486 699 528 viri
729 485 962 542 diligenter
1000 491 1043 527 et
1071 484 1277 541 religiose
1340 483 1468 527 electi
1494 489 1566 526 at·-

200 559 286 600 que
325 543 486 587 idonea
524 543 694 586 ratione
732 542 925 586 instituti
967 541 1143 584 fuerint.
1203 539 1382 598 Quippe
1411 545 1566 599 gerent

198 602 263 644 illi
299 601 501 659 profecto
540 615 690 644 euram
732 599 1039 656 perpetuitatis
1078 598 1349 654 reipublicae
1389 602 1566 641 nostrae

201 658 524 717 sapientissime
558 664 694 712 atque
723 657 769 699 id
805 656 1022 710 efficient,
1063 662 1114 699 ut
1143 670 1196 698 ea
1226 670 1356 711 quam
1400 654 1567 713 optima

201 723 246 759 et
274 715 596 774 perfectissima
625 721 671 757 et
699 714 757 757 sit
786 721 831 757 et
861 719 1050 757 maneat.

317 828 417 871 Hac
457 827 756 884 disputatione
812 826 939 869 finita
985 822 1198 884 Megillus
1258 823 1316 868 ad
1355 823 1564 868 Cliniam:

204 884 246 929 O
277 886 408 939 bone,
439 885 598 940 inquit,
639 883 952 928 constituenda
979 898 1085 926 vero
1116 883 1274 926 civitas
1304 882 1567 939 Magnetum

204 943 293 998 sie,
333 945 400 984 uti
437 957 555 985 nune
596 948 666 986 est
702 941 968 998 expositum.
1039 938 1131 984 Sed
1168 939 1331 996 hospes
1376 938 1448 982 hie
1478 954 1567 983 non

206 1006 277 1043 est
306 998 611 1052 dimittendus,
643 1014 794 1042 verum
823 998 941 1041 omni
963 996 1093 1040 modo
1124 995 1346 1055 rogandus
1378 1002 1424 1039 et
1448 1011 1567 1039 eom-

207 1056 478 1110 monendus,
515 1064 565 1100 ut
603 1057 648 1099 in
688 1070 826 1099 novae
865 1055 986 1098 urbis
1025 1052 1282 1098 condendae
1310 1053 1568 1097 societatem

209 1114 358 1157 veniat
387 1114 452 1170 (p.
483 1114 579 1159 968.
614 1116 669 1156 A.
701 1139 756 1145 —-
787 1114 885 1156 969.
916 1112 1011 1166 D.).
