1644 2950
448 118 672 165 VULGO
705 119 987 165 PLATONI
1018 129 1100 165 etc.
1364 123 1447 167 46⁷

26 219 27 222 ’
93 240 197 279 κω
224 247 307 303 αις
327 235 572 279 moenem
591 234 855 280 Academiae
907 234 1039 280 ianua
1056 236 1165 280 mis
1181 233 1449 280 intellexisse

18 333 19 336 ,
94 290 436 360 laudatissime
458 289 687 359 ‘appareat
755 292 858 348 Quo
920 309 1008 360 quo
1038 294 1132 337 iure
1160 293 1225 337 ita
1253 291 1450 360 dicamus

90 347 268 406 alnquut
314 348 526 408 exemplis
567 348 891 395 demonstrasse
943 351 1138 406 iuvabit,
1193 356 1448 418 praesertim

0 404 15 413 ”
89 415 231 464 >quau
258 420 346 462 m,
376 414 587 474 quantum
614 408 821 464 sciamus,
833 407 1026 452 noudum
1044 423 1072 451 a
1101 422 1324 465 quoquam
1354 422 1447 452 aui-

95 463 324 509 ndum
362 471 436 508 att.
511 462 670 521 Itaque
718 466 904 533 primum
953 464 1129 521 quidem
1175 466 1448 511 meminimus

85 520 374 589 Epi-umidis
409 526 633 566 auctorem
672 523 900 567 scientiam
940 522 1289 567 mathematicam
1329 538 1446 567 sum-

15 600 17 604 ·
89 593 194 623 rmus<
213 578 423 623 extollere
458 578 663 624 laudibus
714 594 898 637 eamque
934 579 1046 624 adeo
1082 594 1214 623 unam
1253 595 1349 624 esse
1379 579 1447 624 di-

93 643 221 692 ceres
246 650 374 694 «μεθ’
391 636 566 680 laudem
598 652 728 680 verae
753 637 964 681 scientiae
992 644 1221 681 mereatur.
1282 636 1336 680 Iu
1356 652 1446 694 quo

91 693 313 739 illa-*saue
349 694 488 738 videri
538 700 685 762 potest
720 701 933 752 sequutus
978 709 1074 738 esse
1115 693 1355 752 Speusippi
1401 701 1448 738 et

90 751 361 796 Xenocratis
388 758 719 807 auctoritatem,
751 753 828 810 qui
856 751 1085 796 doctrinae
1114 751 1449 795 mathematicae

92 807 524 853 lmnorificeutiorem
548 811 594 853 in
621 808 901 869 philosophia
944 809 1090 853 locum
1119 809 1344 853 vindicare
1373 823 1446 853 oo·

8 855 22 872 ³²
91 867 183 909 uati
221 872 339 913 suut.
410 867 475 911 At
504 868 620 911 enim
657 881 765 911 vero
803 866 881 910 ubi
917 867 1188 924 quaerimus,
1235 865 1342 923 quid
1382 866 1445 909 illi

89 921 324 968 docuerint
367 930 416 968 et
451 923 558 981 qnid
597 931 748 968 noster
783 924 912 968 homo
951 925 1161 978 senserit,
1211 925 1444 967 maximum

88 987 210 1025 oute
352 981 514 1025 riemus
542 982 1019 1039 utrinque'senteutiae
1058 981 1291 1025 discrimen
1329 981 1443 1026 obti-

0 1052 12 1083 ?›
90 1052 207 1082 nee.
322 1051 392 1083 am
431 1045 480 1082 ut
519 1038 815 1140 Speusisspum
861 1040 1106 1095 mittamus,
1146 1039 1444 1082 Xenocratem

91 1095 271 1152 quidem
317 1103 490 1141 constat
525 1104 638 1141 teste
726 1096 984 1140 lutarcho
1028 1096 1098 1140 De
1139 1097 1251 1141 Virt.
1282 1095 1442 1140 Mol-al.

91 1168 137 1211 pa·
175 1154 274 1196 4⁵2.
303 1153 385 1197 vD.
427 1154 757 1200 mathematicas
798 1154 908 1197 disci
942 1154 1053 1197 linas
1100 1169 1198 1198 esse
1250 1153 1443 1197 voluisse

87 1211 234 1264 infide
268 1212 571 1271 φιλοσοφίας,
613 1226 775 1255 ausas
814 1170 1245 1278 philosophiae,
1289 1211 1443 1255 similis

88 1266 135 1311 iu
162 1281 218 1311 ea·
242 1282 292 1311 re
321 1267 626 1327 Pythagorae,
668 1269 743 1324 qui
774 1284 997 1312 numerum
1028 1267 1140 1312 dixit
1178 1268 1442 1327 principium

88 1332 190 1369 esse
214 1335 359 1369 rerum
387 1327 579 1370 omnium
611 1325 800 1383 ideoque
829 1325 884 1368 ad
912 1340 1264 1383 unamquamque
1281 1326 1442 1370 verita-

88 1381 146 1426 tis
184 1383 486 1440 quaestionem
525 1384 844 1439 necessarium,
889 1399 1030 1440 neque
1069 1383 1180 1427 adeo
1221 1382 1443 1427 dissimilis

86 1438 277 1494 Platoni,
305 1440 383 1497 qui
412 1439 467 1484 de
506 1456 590 1484 usu
621 1440 956 1484 mathematicae
984 1442 1030 1484 iu
1059 1440 1257 1485 veritatis
1286 1455 1340 1485 co
1407 1441 1439 1475 '-

89 1496 209 1540 tione
249 1511 303 1541 ax
387 1498 455 1541 uit
489 1497 562 1541 De
593 1499 700 1557 Rep.
733 1498 841 1541 VII.
879 1514 922 1556 p.
953 1499 1052 1543 521.
1090 1498 1147 1542 D.
1178 1513 1276 1565 sqq.
1369 1514 1439 1542 am

88 1568 194 1597 vero
224 1553 301 1611 qui
361 1553 435 1598 ille
477 1554 616 1598 alter?
682 1555 898 1599 Nimirum
931 1556 970 1600 is
1007 1556 1179 1599 sublata
1214 1570 1313 1612 ipsa
1342 1555 1438 1614 phi-

88 1609 308 1678 losophia,
338 1610 410 1655 cui
434 1610 743 1670 percipiendae
772 1612 1013 1656 secundum
1033 1612 1330 1657 Xenocratem
1349 1627 1440 1657 ma-

86 1667 325 1713 thematica
352 1682 503 1712 ausam
533 1670 740 1728 praebet,
769 1685 900 1713 uuam
927 1670 1064 1714 solam
1094 1669 1320 1727 praedicat
1348 1685 1439 1725 ma-¹

18 1736 45 1786 55&
87 1725 365 1770 thematieam
395 1733 445 1769 ut
472 1727 666 1770 omnium
695 1726 992 1771 doctrinarum
1012 1742 1222 1771 summam
1243 1741 1295 1771 ac
1313 1742 1440 1785 prae·

26 1791 31 1817 2
87 1783 415 1827 smfiuimm.
476 1782 610 1839 Quod
638 1799 744 1828 sane
774 1792 1075 1844 argumentum
1108 1784 1320 1828 maximae
1349 1789 1439 1829 sto-

9 1854 13 1883 3
86 1839 272 1884 liditatis
300 1847 382 1885 est.
442 1840 599 1899 Neque
636 1842 763 1886 aliter
801 1841 1134 1886 existimandum
1177 1849 1246 1886 est
1282 1840 1338 1885 de
1367 1841 1437 1897 iis,

120 1911 203 1942 uae
240 1913 285 1957 p.
315 1898 417 1942 978.
455 1900 511 1943 A.
549 1913 615 1956 sq.
656 1900 901 1959 perscripta
941 1899 1173 1957 leguntur,
1213 1914 1301 1956 quo
1340 1898 1438 1942 loeo

14 1960 21 1979 ⁵
88 1913 164 1999 ille
193 1963 343 2006 censet
370 1955 464 1999 siue
493 1971 674 2000 numero
705 1956 811 2000 nihil
841 1956 1079 2024 quidquam
1118 1956 1220 2000 boui
1253 1971 1436 2012 usquam

90 2026 221 2070 posse
246 2013 447 2056 existere.
506 2013 743 2057 Enimvero
772 2015 912 2058 simile
942 2013 1148 2071 quiddam
1180 2013 1309 2057 etiam
1340 2013 1435 2057 Xe·

89 2076 292 2115 socrates
337 2068 578 2113 secuudum
625 2070 922 2131 Pythagoram
970 2071 1174 2115 docuisse
1221 2082 1436 2126 narratur,

90 2126 154 2170 ita
181 2125 381 2183 quidem,
411 2132 464 2169 ut
492 2141 698 2172 numeros
725 2129 770 2171 in
800 2123 942 2173 locum
973 2127 1167 2171 idearum
1188 2128 1437 2172 Platonico-

90 2197 185 2227 rum
213 2183 488 2228 substituerit
526 2190 572 2227 et
608 2191 819 2242 utrosque
861 2186 987 2243 quasi
1026 2186 1071 2228 in
1109 2201 1242 2229 uuum
1272 2184 1437 2230 confla·

87 2240 221 2297 verit,
260 2240 316 2283 de
374 2255 428 2285 ua
458 2256 504 2284 re
535 2240 664 2285 docte
693 2241 890 2300 disputat
927 2242 1288 2302 Wympersse
1326 2242 1434 2287 Dia-

88 2297 188 2342 urit».
233 2297 302 2342 De
389 2305 591 2342 euocrate
628 2297 837 2344 Chalced.
877 2316 918 2367 p.
956 2302 1025 2343 65.
1063 2314 1160 2358 sqq.
1199 2307 1246 2345 et
1282 2317 1322 2359 p.
1364 2302 1432 2344 76.

87 2367 184 2413 sqq.
245 2354 335 2400 Sed
366 2355 519 2399 audias
549 2363 743 2400 nostrum
773 2356 1005 2414 hominem,
1036 2364 1079 2401 et
1107 2357 1235 2402 facile
1254 2358 1433 2414 senties,

85 2418 187 2457 snm
217 2412 368 2456 iudicii
408 2412 522 2456 illius
562 2414 645 2456 vim
674 2412 795 2458 nullo
835 2413 967 2459 modo
1008 2422 1291 2472 assequutum
1321 2430 1433 2470 esse,

87 2469 440 2527 quandoquidem
478 2469 533 2513 de
571 2469 683 2515 ideis
721 2486 774 2515 ue
811 2471 1044 2516 somniavit
1072 2471 1250 2529 quidem
1287 2486 1339 2516 ac
1369 2479 1432 2515 te-

88 2541 205 2571 tm
232 2528 277 2571 iu
309 2543 395 2571 uua
425 2531 727 2572 concretorum
748 2544 1021 2573 numerorum
1046 2530 1313 2597 cogitatione
1330 2529 1429 2573 sub-

85 2584 216 2628 stitit.
273 2584 365 2629 Iam
398 2601 500 2627 vero
530 2586 661 2629 etiam
693 2602 744 2631 ea
775 2585 1075 2632 considerasse
1102 2587 1285 2640 iuvabit,
1318 2600 1430 2642 quae

41 2650 48 2659 '
87 2636 219 2686 -hbmo
259 2652 407 2686 nostor
443 2641 497 2685 de
536 2642 621 2686 diis
658 2651 704 2687 et
740 2643 1022 2690 daemonibus
1050 2651 1319 2689 commentus
1349 2649 1428 2696 est,

91 2693 280 2756 ffl'quod
312 2701 415 2744 fecit
452 2699 553 2743 inde
584 2716 611 2743 a
640 2717 682 2759 p.
713 2702 809 2747 980.
840 2703 895 2747 A.
927 2718 1022 2758 sqq.
1098 2701 1313 2744 Nimirum
1352 2699 1428 2754 ibi,

1062 2783 1117 2821 30
1138 2780 1156 2800 ·
