1618 2950
450 97 626 145 [amm
644 96 1049 145 DUODECIMI.
1344 99 1429 142 335

57 210 620 275 mmmmm-saluti
640 213 927 271 prospiciant.
968 211 1103 267 Quod
1121 219 1175 256 ut
1194 211 1428 267 efficiatur,

242 272 254 282 ”
286 286 347 315 re·
377 284 484 315 sana
524 284 638 328 opus
675 276 746 314 eat
784 268 1021 327 disciplina
1059 278 1106 314 et
1134 269 1428 323 institutione,

157 342 267 381 'suna
292 329 372 386 fit,
389 356 394 366 -‹
412 334 464 373 ut
488 327 538 371 in
576 340 755 384 quaque
782 341 830 370 re
862 334 908 369 et
935 326 1074 370 multa
1103 327 1431 385 perspiciantur

110 383 551 446 utputo-usmetun
588 384 651 428 sit
687 397 821 427 unum
864 382 1074 440 quiddam
1114 390 1428 441 cognoscatur.

10 498 13 501 K
58 443 266 503 Gap-di
303 442 611 503 igitnretiam
641 440 818 484 divinae
845 447 1025 484 nostrae
1054 441 1250 485 civitatis
1277 446 1429 484 custo·-

59 501 141 548 dflt
164 500 317 556 m&
346 498 611 544 atrii-uatis
640 513 776 554 quum
803 498 1017 541 unitatem
1046 505 1140 541 tum
1172 499 1428 541 varietatem

60 570 157 618 ,021
171 564 398 617 qm
433 555 530 600 eius
577 563 728 613 partes
765 554 970 599 diffusam
1009 562 1215 598 accurate
1260 569 1429 621 eogno-

58 612 596 673 „nuncupa-*pisinus
674 612 889 657 Similiter
925 611 990 655 ini
1031 613 1165 656 etiam
1198 612 1343 677 pulcri
1382 618 1430 654 et

60 670 444 726 budh-annuns
471 676 689 726 quatenus
728 684 861 712 unum
899 675 948 713 et
984 669 1125 713 multa
1171 676 1285 724 sint,
1326 683 1426 725 per-

59 735 256 798 spectam
286 728 450 772 habere
488 726 664 770 debent.
723 725 872 781 Quum
912 742 1016 771 vero
1046 727 1111 770 illi
1139 725 1428 783 praestantis-

58 801 269 832 amatum
307 798 581 846 quarumque
624 799 767 827 rerum
798 784 1097 842 coguitionem
1127 782 1321 826 habeant
1350 797 1428 825 ne·

60 842 309 898 onustat,
355 849 451 885 tum
490 841 549 885 im
583 841 708 884 rimis
744 841 854 898 ipsis
892 839 1208 885 elaborandum
1247 846 1340 895 est,
1380 845 1430 882 ut

60 901 244 948 hatum
261 904 324 943 -ne
353 913 501 943 rorum
567 899 779 941 'vinarum
822 898 1096 942 subtiliorem
1125 896 1429 954 adipiscantur

61 956 410 1017 intelligentiam.
488 955 604 999 Nam
645 955 803 999 ceteris
838 955 1015 1012 quidem
1056 954 1227 999 civibus
1273 954 1431 1010 utique

12 1029 19 1034 ’
60 1016 192 1059 venia
229 1012 380 1058 danda
416 1019 499 1068 est,
543 1013 583 1056 si
620 1012 731 1056 nihil
769 1011 891 1055 aliud
933 1013 979 1055 in
1011 1027 1064 1056 ea
1093 1026 1140 1055 re
1168 1011 1255 1054 nisi
1282 1010 1430 1069 legum

61 1077 311 1129 sequuntur
344 1069 679 1121 auctoritatem;
724 1068 804 1113 sed
835 1070 911 1126 qui
951 1069 1120 1113 civitati
1159 1075 1264 1112 sunt
1301 1082 1431 1125 prae—

63 1129 191 1184 fecti,
230 1128 263 1172 ii
291 1127 495 1171 hausisse
524 1142 631 1170 sane
661 1126 826 1170 debent
852 1127 1052 1170 altiorem
1082 1141 1229 1169 rerum
1259 1124 1431 1168 divina-

61 1203 157 1231 rum
176 1185 397 1239 notitiam,
427 1183 698 1240 deorumque
731 1185 1018 1227 reverentiam
1039 1198 1133 1227 eam
1154 1182 1285 1237 tueri,
1316 1196 1428 1239 quae

60 1243 132 1289 vel
160 1256 216 1287 ex
251 1241 480 1287 subtiliore
522 1241 655 1284 animi
684 1241 941 1298 cognitione
970 1241 1041 1284 vel
1072 1256 1126 1283 ex
1157 1240 1430 1283 accuratiore

0 1333 3 1335 >
61 1300 319 1347 coelestium
357 1313 589 1356 corporum
630 1297 939 1341 observatione
970 1298 1289 1355 proficiscatur.
1348 1296 1430 1340 Ni-

0 1366 4 1371 ’
62 1358 216 1402 mirum
241 1372 385 1401 rerum
415 1355 670 1399 coelestium
701 1355 888 1398 scientia
917 1362 963 1398 et
979 1355 1175 1413 cognitio
1205 1353 1431 1397 luculente

61 1415 257 1474 profecto
299 1412 455 1466 docet,
484 1420 674 1456 mentem
704 1412 749 1455 in
778 1413 909 1456 astris
938 1412 1206 1456 habitantem
1237 1411 1431 1454 omnium

62 1487 206 1516 rerum
250 1485 350 1515 esse
371 1483 616 1524 caussam,
656 1468 846 1525 ideoque
883 1470 1052 1513 animos
1103 1468 1326 1512 hominum
1373 1467 1430 1511 ab

63 1529 287 1587 impietate
327 1527 515 1571 maxime
553 1535 723 1570 avocat.
791 1526 867 1570 Ad
908 1526 1017 1570 haec
1058 1540 1163 1570 vero
1192 1526 1325 1570 etiam
1356 1540 1429 1569 ao·

65 1585 279 1630 cesserint
315 1598 495 1628 neeesse
532 1590 603 1627 est
637 1583 833 1640 reliquae
879 1583 1140 1640 disciplinae
1217 1582 1430 1640 imprimis

65 1643 261 1699 musica,
298 1640 461 1698 quibus
501 1640 705 1684 omnibus
747 1639 957 1684 utendum
1001 1647 1069 1684 est
1106 1656 1132 1683 a
1205 1655 1347 1684 mores
1386 1645 1433 1683 et

63 1700 267 1744 instituta
303 1698 494 1743 civitatis
533 1696 832 1749 emendandos
871 1704 1004 1754 atque
1047 1696 1334 1754 corrigendos
1365 1697 1430 1754 (p.

64 1758 163 1803 961.
204 1757 257 1800 Β.
290 1779 338 1789 —-
370 1756 469 1798 968.
501 1754 594 1810 A.).
627 1778 682 1786 —
741 1754 899 1811 Itaque
930 1755 1140 1798 convenit
1180 1755 1295 1797 inter
1334 1766 1432 1807 nos,

65 1820 326 1860 nocturnum
355 1811 477 1856 illum
518 1818 783 1854 conventum
815 1811 1171 1855 constituendum
1203 1825 1323 1865 esse,
1356 1810 1434 1867 qui

66 1882 275 1928 tanquam
320 1867 650 1914 conservandae
700 1869 894 1913 civitatis
943 1875 1120 1913 nostrae
1161 1874 1316 1911 auctor
1374 1867 1436 1911 sit

11 1945 14 1951 ’
65 1937 198 1984 atque
238 1934 471 1985 patronus,
509 1940 697 1981 eumque
738 1926 879 1969 omnis
925 1925 1151 1969 doctrinae
1181 1932 1225 1968 et
1254 1923 1434 1967 institu-

63 1986 221 2040 tionis,
260 1983 316 2028 de
345 1998 434 2040 qua
464 1983 770 2039 exposuimus,
800 1979 1061 2041 participem
1090 1983 1184 2026 fieri
1215 1988 1433 2039 oportere.

67 2042 139 2086 De
167 2042 294 2086 cuius
320 2046 540 2099 potestate
570 2054 850 2095 quamquam,
882 2041 1136 2097 priusquam
1168 2039 1301 2083 suerit
1329 2053 1435 2082 con·

0 2115 2 2117 ’
67 2098 277 2151 stitutus,
317 2095 511 2141 nondum
539 2094 643 2139 lieet
670 2097 869 2154 publicas
898 2097 937 2140 le
973 2112 1020 2140 es
1050 2097 1258 2151 scribere,
1288 2102 1436 2139 tamen

69 2157 153 2200 iam
194 2168 311 2199 nunc
349 2152 514 2211 poterit
553 2151 636 2196 hoc
677 2153 834 2197 saltem
885 2114 1086 2209 deiiniri,
1127 2168 1216 2210 qua
1262 2152 1435 2196 ratione

68 2228 138 2257 res
166 2212 375 2255 universa
402 2208 674 2253 instituenda
702 2210 774 2254 sit.
836 2211 1029 2254 Primum
1049 2211 1185 2269 igitur
1203 2209 1257 2253 eli
1293 2208 1434 2253 endus

67 2270 152 2314 erit
189 2268 375 2313 idoneus
416 2281 623 2310 numerus
654 2278 803 2310 eorum
861 2268 938 2324 qui
968 2274 1111 2311 aetate
1167 2282 1244 2311 eru
1278 2267 1433 2322 itione,

67 2326 261 2372 moribus
290 2332 338 2368 et
364 2323 551 2390 ingeniis
582 2322 638 2390 ad
668 2299 905 2390 gerendam
944 2325 1110 2368 eiusmo
1147 2325 1155 2333 '
1188 2323 1434 2368 custodiam

102 2389 242 2429 meter
264 2389 434 2427 ceteros
464 2379 611 2423 idone!
641 2388 745 2425 sint.
796 2380 971 2426 Deinde
1002 2381 1179 2426 eosdem
1197 2380 1297 2425 illos
1314 2380 1434 2424 omni

101 2441 269 2486 octrina
285 2445 330 2483 et
359 2437 630 2481 humanitate
661 2438 847 2482 maxime
876 2439 1075 2484 exmiltos
1094 2453 1191 2483 esse
1210 2438 1435 2487 volumu33

68 2511 332 2555 quamquam
362 2510 479 2539 nuno
509 2493 703 2538 nondum
734 2493 966 2540 diiudicari
998 2503 1167 2554 potest,
1201 2510 1433 2551 quaenam,

69 2553 247 2612 quando
286 2563 332 2598 et
371 2551 580 2610 quamdiu
621 2550 791 2596 discere
820 2551 1033 2606 debeant3
1080 2553 1163 2611 ipsi
1203 2553 1319 2595 enim
1350 2552 1434 2594 hoc

70 2618 164 2656 tum
209 2610 382 2655 demum
424 2609 643 2664 sentient,
717 2624 819 2653 uum
855 2610 1001 2655 animo
1040 2626 1124 2655 suo
1174 2608 1434 2665 disciplinae

70 2668 367 2728 cognitionem
415 2665 679 2725 comprehen
713 2666 841 2711 erint.
907 2667 1001 2712 Iam
1050 2682 1155 2713 vero
1197 2665 1272 2709 ubi
1312 2670 1434 2708 ortus
