1644 2950
207 133 291 177 452
523 169 534 179 .
642 129 727 172 DE
760 128 1036 173 EPINOMI
1046 127 1146 172 DIS

210 247 346 289 fertur
377 243 666 299 aequabiliter
696 250 740 286 et
765 249 1036 296 constanter,
1068 249 1119 284 ut
1147 239 1348 287 divinum
1370 237 1580 298 quiddam

210 317 306 345 esse
338 300 480 358 putari
514 300 686 344 debeat.
745 298 969 353 Quocirca
998 297 1170 352 sidera,
1202 311 1257 345 ea
1278 295 1412 346 emm
1452 295 1581 339 intel-

210 359 239 401 li
274 367 408 400 untur
448 372 634 414 corpora
676 371 788 413 quae
826 355 1035 399 dicuntur
1084 355 1247 412 ignea,>
1270 359 1370 400 „aut
1416 352 1582 397 habent

212 375 343 472 pfane
374 414 644 457 divinitatem
676 421 752 456 aut
789 412 944 456 saltem
985 411 1136 456 divino
1176 410 1476 465 honora->non
1513 409 1581 452 in·

211 471 348 530 digna
388 477 493 514 sunt
533 471 597 527 (p.
627 472 726 515 980.
764 471 982 513 A—984.
1012 469 1108 525 A.).
1187 468 1283 512 lam
1320 480 1427 512 vero
1466 467 1584 510 inter

213 528 301 572 duo
334 528 443 572 haec
473 543 637 586 genera
677 526 868 571 medium
914 526 1116 569 obtinent
1153 525 1300 570 locum
1341 523 1582 567 animantia

213 601 267 629 ex
298 585 493 640 aethere,
522 587 622 628 aere
650 590 696 627 et
724 599 839 640 aqua
869 590 980 636 orta,
1013 597 1126 638 quae
1158 588 1204 625 et
1229 583 1330 639 ipsa
1357 585 1462 625 sunt
1499 596 1582 624 nu-

213 643 331 686 mina
362 642 682 699 adspectabilia
712 648 756 683 et
785 656 864 684 suo
886 640 1016 683 modo
1036 640 1108 696 pie
1131 638 1334 694 colenda,
1362 636 1582 694 siquidem

215 699 466 754 daemones,
500 698 717 756 nymphae
749 698 912 752 aliique
954 696 1014 739 dii
1060 697 1120 739 vel
1165 695 1348 741 semidei
1387 695 1474 738 huc
1514 709 1582 737 re-

215 756 386 800 ferendi
424 763 529 799 sunt
570 756 633 812 (p.
665 756 762 798 984.
797 756 854 796 A.
890 779 936 784 —
971 755 1068 796 986.
1100 755 1194 808 A.).
1236 751 1329 797 Sed
1369 751 1583 809 imprimis

214 821 360 856 tamen
392 812 544 855 divino
577 812 744 855 honore
776 810 911 868 digna
941 816 1044 852 sunt
1074 816 1174 853 octo
1213 824 1399 877 corpora
1439 808 1582 852 coele·

217 871 317 923 stia,
350 869 610 924 Sol‚12una‚
642 868 864 911 stellarum
896 867 1182 910 inerrantium
1215 867 1348 921 orbis,
1381 872 1428 910 et
1453 865 1583 922 quin·

216 943 300 983 que
331 927 525 982 reliquae
556 925 734 980 stellae,
767 940 880 980 quae
911 932 1107 967 errantes
1139 930 1378 979 vocantur,
1412 922 1582 975 Venus,

216 984 493 1038 Mercurius,
527 982 770 1036 Saturnus,
810 981 1015 1038 Iuppiter
1053 987 1187 1036 atque
1217 981 1365 1035 Mars,
1397 995 1585 1036 quorum

217 1040 396 1083 numina
425 1040 513 1083 iam
545 1042 611 1082 Ae
646 1039 756 1097 yptii
788 1049 831 1081 et
862 1038 1036 1096 Assyrii
1067 1037 1362 1081 adoraverunt
1391 1038 1455 1095 (p.
1486 1037 1584 1080 986.

217 1099 432 1141 A.-988.
464 1098 557 1153 A.).
665 1097 792 1140 uibus
825 1096 1026 1152 omnibus
1058 1096 1215 1139 melius
1243 1095 1436 1152 cognitis
1466 1100 1586 1137 certe

216 1154 548 1197 lecumlatorem
586 1159 784 1210 oportet,
818 1153 963 1196 missis
1008 1153 1265 1197 inveteratis
1305 1151 1584 1208 superstitio·

218 1190 361 1267 nissus,
394 1211 674 1268 quantumvis
713 1210 799 1253 illis
839 1209 1075 1253 admodum
1115 1216 1244 1253 caute
1285 1207 1582 1262 semovendis,

218 1268 324 1324 quid
355 1284 436 1325 pro
468 1283 572 1311 vero
604 1273 815 1324 rectoque
856 1266 1129 1325 probandum
1160 1267 1243 1321 sit,
1283 1265 1422 1310 libere
1460 1279 1585 1323 aper·

220 1333 351 1381 teque
382 1324 622 1379 declarare,
655 1323 1010 1380 quandoquidem
1041 1324 1103 1366 illi
1126 1325 1220 1366 sine
1241 1322 1377 1367 dubio
1398 1322 1585 1366 multum

218 1398 245 1424 a
273 1388 394 1425 recto
425 1383 753 1436 aberraverunt,
787 1382 862 1436 qui
894 1388 1074 1423 naturae
1098 1381 1314 1423 elementa
1334 1379 1587 1424 habuerunt

219 1454 299 1495 pro
333 1454 475 1481 rerum
496 1438 725 1495 principiis
745 1445 880 1492 atque
903 1438 1079 1493 corpori
1103 1437 1148 1479 id
1170 1438 1434 1490 tribuerunt,
1464 1434 1586 1493 quod

219 1497 263 1538 in
297 1511 431 1538 unum
463 1495 653 1537 animum
684 1495 891 1538 convenit
920 1496 983 1551 (p.
1015 1495 1112 1538 988.
1145 1494 1369 1550 A-E..)
1418 1493 1580 1550 Itaque

219 1567 493 1608 consequens
516 1559 599 1606 est,
632 1558 682 1595 ut
711 1567 816 1595 vera
846 1551 1064 1608 sapientia
1093 1552 1138 1594 in
1170 1566 1258 1595 una
1296 1551 1483 1595 maxime
1533 1565 1580 1593 a·

219 1610 460 1666 stronornia
481 1609 625 1665 posita
644 1609 716 1663 sit,
749 1609 911 1666 quippe
944 1624 1077 1664 quum
1110 1623 1163 1651 ea
1191 1608 1250 1652 sit
1279 1608 1456 1665 pietatis
1474 1622 1582 1665 erga

219 1666 326 1709 deos
355 1674 486 1722 atque
517 1666 757 1723 religionis,
789 1665 873 1708 hoc
893 1672 960 1708 est
988 1666 1180 1708 omnium
1209 1666 1419 1708 virtutum
1453 1679 1581 1723 prae-

219 1723 532 1778 stantissimae,
553 1723 680 1779 quasi
701 1738 860 1779 parens
884 1730 1017 1778 atque
1046 1722 1269 1780 magistra.
1299 1721 1580 1778 Quamquam

219 1780 302 1823 hac
333 1781 377 1822 in
408 1796 452 1822 re.
485 1781 599 1823 bona
637 1780 837 1838 ingenia,
877 1794 990 1836 quae
1031 1779 1182 1823 tardae
1223 1786 1268 1823 et
1307 1779 1581 1823 vehementis

219 1837 312 1880 sive
340 1837 591 1880 moderatae
620 1843 753 1893 atque
784 1837 952 1886 calidae
982 1843 1166 1880 naturae
1209 1836 1328 1880 iusta
1362 1843 1580 1894 tempera-

219 1894 338 1937 tione
371 1901 630 1947 naseuntur,
663 1894 917 1951 saepissime
946 1894 1071 1950 lapsa
1101 1899 1227 1948 sunt,
1259 1908 1394 1949 quum
1434 1898 1581 1936 tamen

223 1950 390 2005 eadem,
423 1952 499 1994 ubi
536 1950 777 2007 prudenter
814 1957 1028 2008 reguntur
1065 1957 1198 2005 atque
1235 1951 1580 2003 conformantur,

221 2007 277 2050 ad
318 2007 638 2050 multitudinem
686 2007 840 2064 populi
883 2007 1145 2051 flectendam
1182 2005 1582 2063 moderandumque

218 2065 453 2121 plurimum
483 2065 674 2119 valeant,
704 2063 892 2120 ideoque
922 2065 1052 2107 etiam
1082 2063 1190 2119 quid
1220 2064 1275 2108 de
1303 2063 1389 2109 diis
1409 2078 1581 2108 eorum-

220 2135 305 2176 que
337 2122 459 2165 cultu
489 2120 766 2165 sentiendum
801 2122 860 2164 sit
889 2122 1053 2178 optime
1073 2120 1234 2165 docere
1253 2135 1306 2165 ac
1329 2121 1581 2178 patefacere

220 2179 391 2242 possint
425 2180 489 2236 (p.
521 2181 617 2222 989.
649 2180 706 2222 Α.
742 2203 791 2210 -
823 2178 913 2234 E.).
984 2181 1132 2234 Atque
1169 2178 1247 2221 tali
1286 2177 1464 2236 ingenio
1501 2177 1581 2234 qui

220 2236 422 2278 instructi
453 2242 497 2278 et
527 2236 667 2278 ornati
698 2242 817 2289 sunt,
847 2235 878 2277 ii
907 2250 1012 2279 sane
1043 2241 1217 2292 praeter
1232 2241 1404 2280 ceteros
1433 2249 1580 2278 earum

219 2305 363 2333 rerum
395 2292 552 2335 notitia
589 2292 814 2335 imbuendi
855 2299 982 2347 sunt,
1025 2307 1211 2348 quarum
1247 2291 1380 2336 modo
1417 2291 1583 2336 iniecta

219 2349 385 2390 mentio
404 2354 483 2390 est.
545 2348 754 2403 Sequitur
783 2349 942 2404 igitur,
972 2356 1023 2392 ut
1051 2364 1265 2405 quaenam
1295 2349 1455 2405 cuique
1491 2349 1582 2392 sint

221 2402 434 2447 discenda
474 2405 721 2448 accuratius
765 2405 1071 2461 explicandum
1117 2406 1188 2449 sit.
1259 2404 1582 2463 Cognosoenda

220 2461 356 2518 igitur
386 2461 545 2504 futuris
589 2462 862 2517 sapientibus
899 2469 999 2506 ante
1044 2463 1191 2506 omnia
1231 2462 1581 2506 astronomia

220 2523 301 2572 est,
334 2532 445 2574 quae
476 2525 673 2560 versatur
704 2518 748 2560 in
785 2519 1071 2563 observandis
1117 2517 1442 2573 lustrandisque
1478 2533 1580 2564 coe-

219 2574 394 2618 lestium
424 2588 501 2618 cor
535 2588 657 2617 orum
703 2575 907 2618 motibus.
986 2575 1071 2619 Cui
1118 2583 1260 2619 tamen
1300 2573 1582 2633 adiungenda

219 2631 349 2675 etiam
381 2630 492 2674 arit
541 2630 748 2675 metica
777 2646 916 2687 eaque
946 2632 1075 2676 altior
1105 2638 1237 2698 atque
1265 2632 1581 2690 geometria

220 2694 310 2741 est;
341 2686 706 2733 accedatffiodem
735 2694 907 2744 oportet
939 2688 1273 2743 dialectica,
1301 2702 1413 2745 quae
1445 2704 1580 2745 quum
