1618 2950
102 912 104 915 ·
171 890 254 933 hoc
285 891 482 948 proemio
513 898 664 932 nostro
697 889 752 931 ad
783 890 903 946 ipsas
938 889 1058 946 leges
1079 888 1307 944 accedere,

178 153 256 194 124
633 148 1094 193 ARGUMENTUM

172 263 396 319 Quocirca
439 262 514 319 qui
553 263 614 306 ita
642 263 697 308 de
729 263 813 307 diis
844 263 1065 317 sentiunt,
1099 262 1128 304 ii
1159 261 1315 305 merito
1341 262 1537 319 omnium

172 322 401 378 impiorum
440 320 621 375 pessimi
662 321 936 376 maximeque
978 319 1150 363 scelesti
1179 317 1406 362 iudicandi
1432 327 1539 362 sunt

172 380 246 478 Sp.
289 379 386 420 905.
419 375 471 419 O.
505 402 559 408 —
590 379 687 422 907.
722 378 818 432 B.).
847 401 903 409 —
961 377 1046 420 His
1084 391 1189 419 vero
1227 375 1441 432 exponitis
1470 376 1538 418 vi-

203 449 324 478 emur
354 434 438 476 iam
477 434 654 477 tandem
695 434 805 477 haec
843 434 930 477 tria
970 434 1076 476 satis
1118 433 1394 490 probavisse:
1449 432 1538 490 pri-

171 507 286 535 mum
328 490 505 546 quidem
548 491 655 535 deos
694 506 814 540 esse3
865 490 1025 536 deinde
1073 505 1221 533 curam
1274 503 1352 533 eos
1392 503 1537 532 rerum

171 549 389 603 omnium,
430 548 560 591 etiam
604 548 919 603 humanarum,
951 561 1129 606 gerere3
1171 546 1362 603 denique
1391 546 1538 589 neuti-

172 621 302 662 quam
322 604 421 648 illos
442 605 664 661 precibus,
699 605 928 648 sacrificiis
958 611 1004 647 et
1032 604 1287 647 muneribus
1318 605 1538 660 corrumpi

203 677 316 706 osse.
378 662 432 704 In
453 662 611 718 quibus
642 662 917 718 explicandis
948 663 984 704 si
1017 661 1194 718 quando
1224 662 1436 704 fuerimus
1466 673 1538 703 ca-

187 719 349 763 idiores
390 733 441 762 ac
482 719 853 774 vehementiores,
886 718 1206 766 condonandus
1235 718 1319 761 erit
1346 717 1419 760 hic
1447 723 1539 760 stu-

171 776 232 819 dii
274 777 412 819 nostri
442 775 575 818 ardor
604 778 691 831 rei,
723 775 777 819 de
807 791 896 832 qua
933 775 1279 832 disputavimus,
1318 774 1537 832 magnitu-

171 833 263 876 dini
294 840 339 876 et
369 833 626 890 gravititati.
686 833 864 876 Licebit
883 848 986 875 vero
1015 846 1133 875 nunc
1154 831 1280 875 finito
1299 831 1357 874 ali
1390 831 1537 874 uando

1338 847 1453 946 spqiae
1483 888 1537 931 de

170 947 300 990 rebus
343 946 504 988 divinis
543 946 806 989 sanciendae
850 945 1068 988 videntur.
1132 946 1427 1001 Posteaquam
1454 946 1537 1003 igi-

170 1012 242 1046 tur
295 1003 513 1046 cohortati
564 1004 725 1046 crimus
773 1003 956 1059 impios,
1004 1008 1054 1044 ut
1106 1002 1250 1045 exutis
1298 1002 1538 1058 aliquando

170 1061 316 1116 pravis
356 1061 559 1103 sensibus
599 1061 690 1103 suis
730 1059 785 1101 ad
829 1058 1122 1102 verecundam
1161 1074 1268 1117 erga
1306 1058 1415 1102 deos
1444 1060 1537 1117 pie-

170 1124 302 1160 tatem
341 1124 641 1172 revertantur,
683 1117 823 1173 prima
860 1117 929 1159 lex
960 1115 1014 1158 de
1039 1116 1266 1173 impietate
1297 1115 1406 1159 haec
1434 1131 1537 1174 pro-

169 1174 456 1232 mulgabitur:
518 1174 568 1218 Si
609 1175 707 1229 quis
744 1174 890 1227 verbis
929 1180 1004 1216 aut
1041 1173 1169 1217 factis
1198 1173 1379 1231 impium
1410 1172 1538 1230 quid·

171 1231 270 1274 dam
300 1231 588 1286 commiserit,
620 1232 681 1286 is,
715 1232 789 1286 qui
821 1232 934 1274 forte
967 1230 1142 1273 affuerit
1170 1230 1233 1274 rei
1261 1230 1536 1286 testis‚-eum

171 1288 289 1345 apud
329 1290 633 1345 magistratum
684 1295 915 1339 accusat03
959 1287 1242 1344 magistratus
1281 1294 1429 1331 autem
1467 1302 1537 1332 ne·

170 1345 361 1388 cundum
383 1345 524 1400 legem
549 1345 767 1388 actionem
798 1352 954 1388 contra
983 1359 1082 1388 eum
1111 1345 1344 1389 instituite.
1402 1343 1537 1399 Quod

170 1403 245 1459 qui
283 1403 565 1445 intermiserit
603 1409 679 1445 aut
719 1402 989 1459 neglexerit,
1030 1403 1127 1458 ipse
1166 1402 1404 1459 impietatis
1434 1416 1536 1445 reus

169 1460 224 1502 ab
257 1459 453 1516 quolibet
480 1461 649 1517 agitor,
681 1459 755 1515 qui
786 1460 907 1518 leges
935 1459 1121 1502 violatas
1152 1459 1306 1503 ulcisci
1335 1458 1535 1502 voluerit.

170 1516 319 1571 Quum
358 1523 502 1558 autem
544 1532 643 1560 reus
673 1517 833 1572 aliquis
862 1516 997 1558 fuerit
1034 1516 1283 1571 damnatus,
1326 1515 1535 1560 iudicium

169 1574 287 1616 litem
339 1574 583 1616 aestimato.
655 1573 708 1615 In
749 1589 838 1630 quo
879 1572 1116 1631 diligenter
1152 1572 1236 1615 erit
1273 1572 1533 1627 curandum,

168 1637 218 1673 ut
259 1630 443 1687 singulis
487 1631 724 1688 impietatis
767 1631 1001 1688 generibus
1043 1629 1204 1688 dignae
1232 1644 1403 1688 poenae
1430 1643 1537 1674 con·

169 1688 419 1730 stituantur.
489 1688 602 1730 Nam
647 1694 737 1731 tres
778 1688 906 1743 illae,
938 1702 1050 1743 quas
1080 1687 1448 1743 examinavimus,
1480 1686 1535 1730 de

169 1744 252 1788 diis
293 1746 534 1788 sententiae
575 1750 619 1787 et
648 1745 879 1802 opiniones
909 1759 1060 1787 rursus
1091 1744 1196 1787 bina
1226 1759 1427 1801 quaeque
1457 1743 1535 1788 ho-

168 1802 331 1844 minum
373 1817 538 1859 genera
579 1804 622 1844 in
663 1818 709 1844 se
741 1802 1121 1859 complectuntur,
1153 1801 1335 1844 alterum
1366 1816 1534 1855 eorum,

168 1860 242 1914 qui
275 1874 407 1913 quum
439 1873 574 1916 prave
602 1857 656 1900 de
689 1858 773 1902 diis
803 1860 1010 1911 sentiant,
1042 1864 1187 1900 tamen
1219 1858 1355 1915 probe
1386 1864 1430 1901 et
1457 1858 1535 1901 ho-

169 1921 294 1957 neste
325 1915 494 1969 vivunt,
527 1915 710 1957 alterum
742 1931 908 1970 eorum,
940 1916 1015 1970 qui
1046 1930 1144 1957 cum
1177 1916 1400 1972 impietate
1431 1930 1534 1958 con·

167 1971 359 2028 iungunt
415 1972 545 2014 etiam
585 1972 701 2014 vitae
739 1971 1055 2028 turpitudinem
1105 1978 1149 2014 et
1195 1973 1518 2029 improbitatem

168 2026 315 2082 Quum
347 2028 483 2085 igitur
512 2043 590 2070 sex
621 2029 710 2070 sint
748 2029 980 2085 impiorum
1011 2043 1187 2086 genera,
1229 2029 1415 2087 singulis
1454 2044 1534 2087 pro

167 2085 360 2128 criminis
417 2084 718 2142 magnitudine
788 2100 958 2143 poenae
1019 2085 1356 2130 constituendae
1418 2094 1535 2130 sunt.

167 2141 400 2184 Praeterea
430 2157 534 2184 vero
567 2142 696 2185 etiam
728 2141 782 2185 de
812 2143 931 2186 cultu
964 2148 1008 2184 et
1038 2143 1320 2187 veneratione
1351 2142 1533 2187 deorum

168 2198 288 2255 leges
329 2198 588 2242 scribendae
627 2206 739 2242 sunt.
808 2200 925 2243 Nam
965 2214 1054 2255 quo
1098 2199 1270 2243 facilius
1301 2209 1534 2244 arceantur

168 2255 302 2311 impia
357 2257 553 2298 facinora
604 2265 735 2312 atque
767 2271 919 2310 sensa,
968 2256 1144 2314 publice
1183 2256 1531 2301 interdicendum

168 2319 257 2364 est,
300 2327 352 2354 ne
397 2313 495 2368 quis
541 2313 584 2354 in
626 2313 810 2356 aedibus
854 2314 1035 2370 privatis
1076 2313 1238 2356 sacella
1266 2313 1533 2358 habeat-aut

167 2368 371 2425 privatim
410 2384 535 2412 sacra
568 2370 718 2422 saciat3
760 2372 797 2412 si
838 2370 935 2426 quis
978 2378 1122 2413 autem
1154 2377 1378 2427 arguetur,
1411 2370 1530 2429 q'uod

167 2425 254 2467 alia
290 2440 414 2468 sacra
457 2426 586 2468 iaciat
626 2428 693 2470 vel
734 2427 892 2470 habeat
933 2442 1063 2483 quam
1107 2428 1308 2484 publica,
1349 2429 1413 2484 is,
1455 2427 1531 2473 ubi

168 2482 360 2529 criminis
421 2482 552 2525 fuerit
608 2484 861 2538 convictus,
921 2499 999 2541 pro
1057 2485 1174 2528 illius
1229 2485 1530 2542 magnitudine

168 2539 320 2595 poenis
353 2539 529 2595 publica
560 2539 656 2598 lege
687 2541 935 2618 constitutis
967 2542 1229 2586 afficiendus
1259 2542 1355 2587 erit.

648 2679 1000 2699 *—
