1618 2950
188 127 271 171 332
642 122 1103 170 ARGUMENTUM

187 238 292 282 dato
334 243 549 295 perpetuo
590 239 832 282 functuros.
892 238 952 281 Hi
990 253 1092 280 vero
1131 237 1416 296 magistratus
1454 251 1548 291 eos,

187 296 264 351 qui
303 309 481 338 munere
532 295 680 352 aliquo
720 294 898 352 publico
948 295 1089 338 functi
1141 295 1332 349 fuerint,
1373 293 1550 352 publice

187 352 385 395 iudicent
423 357 555 408 atque
593 352 793 410 puniant.
854 352 1083 396 Ornentur
1113 358 1258 395 autem
1287 351 1351 394 illi
1382 357 1428 394 et
1458 350 1549 394 vivi

187 416 232 452 et
272 409 432 451 mortui
473 410 652 453 summis
693 409 932 452 honoribus
975 415 1108 464 atque
1152 408 1381 467 praemiis,
1413 407 1550 465 siqui·

186 466 285 510 dem
315 466 360 508 in
393 466 616 524 fungendo
647 467 796 510 officio
835 482 915 510 suo
954 466 1082 523 probi
1114 473 1158 509 et
1186 465 1359 510 honesti
1388 465 1551 524 reperti

187 523 350 566 fuerint
380 524 443 580 (p.
475 525 573 567 945.
605 524 657 566 Β.
685 549 738 556 --
757 525 856 568 948.
889 525 977 579 Α.).
1005 548 1060 554 --
1119 522 1415 567 Iurisiurandi
1444 536 1551 566 usus

186 581 231 623 in
257 580 433 623 iudiciis
465 581 610 623 nullus
641 581 725 636 sit,
757 581 1021 636 omninoque
1050 580 1105 622 iis
1134 587 1304 623 tantum
1335 579 1551 624 conceda-

186 644 282 692 tur,
325 637 486 693 quibus
526 638 763 695 periurium
801 637 1006 680 videatur
1035 636 1149 680 nihil
1189 638 1426 681 allaturum
1455 651 1552 680 esse

188 694 407 738 commodi
455 701 499 736 et
545 695 750 738 utilitatis
801 695 872 751 (p.
914 696 1012 738 948.
1064 693 1117 738 Β.
1147 720 1203 727 -
1233 697 1331 738 949.
1364 693 1465 751 C.).
1497 718 1550 724 —

189 751 413 795 Oneribus
454 751 642 808 publicis
679 752 717 794 si
757 752 855 807 quis
906 766 953 794 se
993 751 1281 808 subtraxerit,
1329 752 1368 796 is
1406 749 1551 808 prouti

187 809 329 851 minor
369 814 446 851 aut
482 809 621 851 maior
660 808 793 850 fuerit
832 808 925 851 eius
965 808 1011 849 in
1052 807 1135 851 hac
1172 823 1219 852 re
1258 808 1550 862 contumacia,

187 867 377 908 minores
424 865 666 909 maioresve
706 879 872 920 poenas
911 865 1006 906 luat
1046 865 1114 922 (p.
1145 868 1243 908 949.
1276 863 1329 908 C.
1365 866 1464 921 D.).
1497 889 1552 896 —

189 922 513 966 commercium
554 937 653 965 cum
692 922 788 965 aliis
819 921 997 978 populis
1029 928 1072 964 et
1101 922 1309 979 gentibus
1338 921 1419 965 etsi
1450 921 1553 964 huic

187 980 356 1023 civitati
394 985 571 1022 nostrae
601 995 691 1022 non
722 978 899 1021 videtur
927 980 1224 1035 necessarium
1254 993 1375 1033 esse,
1416 993 1554 1035 quan-

188 1036 423 1093 doquidem
467 1051 518 1078 ea
555 1035 719 1079 nullam
750 1035 922 1079 factura
960 1042 1029 1079 est
1065 1027 1379 1090 merdaturam,
1407 1042 1553 1078 tamen

187 1093 566 1152 peregrinationes
596 1109 684 1136 non
717 1100 822 1137 sunt
850 1093 1204 1146 interdicendae3
1244 1093 1409 1136 habent
1438 1093 1554 1136 enim

187 1151 287 1194 illae
317 1151 402 1194 hoc
433 1150 652 1206 utilitatis,
681 1156 733 1193 ut
763 1150 946 1193 aliorum
977 1149 1203 1194 hominum
1233 1164 1403 1204 mores,
1433 1150 1554 1207 leges

188 1215 233 1252 et
272 1209 478 1252 instituta
507 1223 558 1250 co
594 1222 776 1251 noscere
806 1207 963 1261 liceat,
1005 1206 1122 1250 unde
1160 1207 1396 1264 plurimum
1436 1222 1553 1250 com-

188 1266 309 1309 modi
340 1266 385 1307 in
415 1280 565 1322 rempu
601 1265 727 1308 licam
766 1263 1046 1307 redundabit.
1109 1266 1268 1320 Neque
1298 1262 1403 1308 ver'o
1435 1269 1555 1307 exte-

188 1338 334 1366 rorum
364 1323 652 1366 commoratio
681 1322 726 1364 in
765 1328 920 1364 nostra
959 1321 1139 1364 civitate
1168 1320 1444 1378 prohibenda
1473 1325 1554 1374 est,

189 1380 274 1424 nisi
304 1380 470 1422 crimen
498 1379 830 1423 inhumanitatis
860 1378 1008 1422 subire
1039 1379 1236 1424 velimus.
1297 1377 1554 1423 Constitua-

189 1445 262 1481 tur
289 1443 436 1479 tamen
469 1436 563 1494 lege
597 1436 695 1491 hoc,
726 1448 776 1479 ut
805 1435 1075 1493 peregrinari
1107 1435 1269 1480 nemini
1299 1435 1473 1492 privato
1503 1434 1555 1477 li·

190 1500 311 1548 ceat,
353 1494 439 1537 nisi
483 1493 559 1549 qui
598 1492 981 1551 quadragesimum
1024 1493 1183 1536 aetatis
1222 1507 1385 1536 annum
1423 1506 1554 1548 supe-

189 1551 364 1596 raverit.
438 1551 622 1594 Publice
661 1566 766 1594 vero
806 1564 991 1607 peregre
1036 1549 1261 1606 proficisci
1296 1550 1556 1607 permissum

190 1610 250 1652 sit
280 1607 596 1666 praeconibus,
628 1607 813 1665 legatis,
846 1606 1222 1665 speculatoribuS‚
1263 1605 1456 1663 denique
1484 1606 1554 1660 iis,

190 1666 267 1723 qui
307 1680 532 1708 sacrorum
570 1664 862 1721 ludorumque
911 1663 1097 1708 Graecis
1146 1664 1441 1708 communium
1480 1678 1556 1707 so-

189 1723 352 1767 lemnia
381 1723 556 1765 obeant.
609 1723 844 1765 Praeterea
874 1721 1004 1764 etiam
1022 1722 1091 1776 iis,
1124 1721 1199 1778 qui
1228 1736 1373 1765 rerum
1402 1721 1556 1765 huma-

189 1796 343 1824 narum
370 1795 500 1822 usum
527 1785 572 1822 et
598 1779 797 1822 noti-tiam
825 1779 872 1821 in
903 1779 1148 1836 peregrinis
1181 1779 1317 1822 terris
1346 1778 1556 1836 colligere

189 1837 425 1892 voluerint,
454 1837 769 1894 peregrinandi
800 1836 928 1879 venia
956 1851 982 1878 a
1010 1837 1050 1879 le
1084 1851 1153 1879 um
1187 1835 1447 1879 custodibus
1476 1838 1557 1879 im·

224 1895 418 1938 ertiatur.
478 1893 666 1937 Prodest
710 1893 824 1936 enim
855 1908 907 1935 ea
937 1908 1006 1935 res
1036 1909 1064 1950 p
1085 1894 1271 1936 urimum
1303 1892 1360 1935 ad
1388 1891 1555 1935 cultum

221 1951 474 1995 umanitatis
511 1951 739 2006 ipsamque
769 1949 1108 2005 rempublicam,
1148 1949 1280 1992 modo
1354 1949 1556 1992 rohibea-

189 2020 263 2052 tur
293 2009 499 2051 itinerum
529 2008 709 2062 abusus,
737 2022 788 2050 ac
816 2006 1092 2061 detrimenta,
1125 2022 1237 2063 quae
1330 2021 1424 2050 erre
1453 2021 1555 2063 pos-

191 2067 305 2120 sint,
343 2071 610 2109 avertantur.
670 2064 740 2107 Ita
773 2079 828 2107 ue
870 2064 1054 2121 primum
1088 2063 1264 2120 quidem
1301 2063 1357 2108 iis
1385 2069 1556 2108 tantum

190 2122 568 2180 peregrinationes
599 2082 914 2176 concedantur,
946 2121 1022 2176 qui
1052 2137 1220 2164 morum
1248 2120 1483 2166 honestate
1513 2126 1559 2163 et

190 2181 235 2222 in
270 2180 357 2222 enii
388 2181 584 2224 bonitate
615 2178 854 2234 excellant,
881 2193 1039 2234 -eaque
1069 2178 1198 2221 venia
1225 2177 1310 2221 illis
1338 2178 1558 2221 tribuatur

190 2197 293 2279 infie
325 2238 379 2280 ab
412 2237 779 2294 quinquagesimo
809 2236 966 2279 aetatis
995 2250 1109 2279 anno
1141 2250 1192 2278 us
1225 2250 1280 2279 ue
1308 2233 1366 2278 ad
1395 2249 1556 2279 annum

191 2294 527 2349 sexagesimum.
589 2294 677 2348 Qui
709 2292 885 2349 quidem
917 2291 1131 2347 homines,
1177 2308 1204 2336 u
1238 2292 1252 2335 i
1281 2290 1457 2335 domum
1489 2306 1557 2334 re·-

192 2349 328 2394 duces
368 2351 471 2393 facti
503 2352 686 2405 fuerint,
729 2348 1092 2394 communicanda
1121 2365 1219 2393 cum
1258 2348 1356 2392 aliis
1397 2363 1556 2403 rerum,

192 2422 304 2464 quas
347 2407 608 2461 didicerint,
652 2408 809 2450 notitia
840 2414 884 2449 ct
914 2406 1203 2463 cognititione
1234 2406 1419 2450 multum
1450 2420 1557 2449 sane

224 2464 402 2507 rodesse
444 2471 654 2520 poterunt
685 2464 851 2520 patriae
883 2465 927 2506 in
958 2463 1249 2507 conventibus
1279 2464 1336 2507 ab
1365 2463 1422 2507 iis
1451 2463 1557 2507 civi·

192 2482 275 2565 bus
316 2521 626 2575 instituendis,
670 2522 743 2576 qui
775 2521 895 2577 leges
925 2520 1169 2577 inspiciunt
1199 2522 1319 2575 (τῶν
1349 2523 1446 2574 περὶ
1478 2519 1557 2563 νό-

192 2595 308 2634 μους
335 2578 669 2622 ἐποπτευόντων
683 2580 714 2634 ).
758 2578 900 2621 sunto
922 2583 1065 2620 autem
1089 2578 1160 2620 isti
1181 2576 1432 2620 sacerdotes
1484 2591 1556 2618 ru·

193 2635 350 2679 dentes
369 2642 414 2679 et
442 2633 634 2689 honesti,
665 2634 942 2677 educationis
972 2640 1195 2677 curatores
1225 2641 1286 2688 et,
1319 2634 1393 2700 qni
1424 2647 1450 2676 a
1502 2633 1557 2675 iis

193 2701 402 2749 tanquam
421 2693 466 2736 in
495 2692 771 2749 disciplinam
808 2691 1091 2747 recipiuntur,
1122 2691 1239 2745 cinges
1260 2691 1453 2735 iuniores
1480 2690 1558 2733 tri-
