1618 2950
172 121 252 165 120
686 117 1153 164 ARGUMENTUM

168 236 384 280 instructa
423 233 551 277 uobis
592 247 682 276 non
717 233 980 290 intellectis,
1025 249 1106 292 pro
1158 234 1339 279 numine
1380 234 1536 279 divino

169 292 319 336 haberi
359 308 385 335 ο
421 296 577 334 ortere.
637 289 763 335 Idem
792 306 924 347 vero,
955 290 1075 348 quod
1104 291 1160 336 de
1190 306 1342 336 rerum
1362 292 1536 336 univer·

169 350 300 394 sitate
330 349 375 391 iu
410 349 590 403 icamus,
620 347 752 392 etiam
783 347 838 391 de
867 348 976 404 sole,
1005 347 1125 404 luna,
1158 349 1293 393 astris
1319 355 1455 405 atqua
1481 349 1538 392 de

168 407 317 461 annis,
374 405 624 458 mensibus,
681 405 1018 463 tempestatibus
1066 413 1135 450 est
1184 404 1538 451 existimandum.

170 463 371 518 Quorum
433 458 626 506 omnium
679 477 861 506 caussas
909 461 1117 519 quoniam
1174 463 1304 507 facile
1355 469 1540 521 apparet

170 521 286 563 omni
336 534 434 562 esse
481 518 643 562 virtute
673 534 726 562 ac
775 520 1046 576 praestantia
1090 521 1277 563 maxime
1325 519 1538 578 insignes,

170 577 335 620 animas
376 577 431 620 iis
461 577 709 634 praesentas
739 575 848 620 deos
879 591 978 620 esse
1007 577 1251 621 rectissime
1280 582 1540 622 statuemus.

170 635 271 678 Hoc
309 639 456 677 autem
495 633 695 689 sirecte
739 632 802 677 ita
839 635 1072 689 statuitur,
1113 635 1213 690 quis
1260 649 1426 690 quaeso
1470 640 1542 679 cst

170 692 278 748 quin
315 706 335 733 s
370 697 471 734 onte
508 691 696 733 fateatur
734 690 961 734 verissime
1001 690 1169 734 dictum
1215 705 1340 746 esse,
1394 691 1542 734 omnia

170 762 267 792 esse
308 763 336 804 p
357 763 439 791 ena
477 746 688 790 deorum?
748 750 898 804 Atque
936 748 1047 792 haec
1085 747 1263 804 quidem
1301 763 1439 805 quum
1477 748 1541 791 ita

170 819 267 848 sese
297 804 509 859 habeant,
550 802 729 846 tandem
757 805 915 848 missos
946 805 1158 849 faciamus
1184 805 1313 860 istos,
1346 805 1423 861 qui
1451 805 1540 848 vim

171 876 461 915 naturamque
502 859 684 903 deorum
735 861 954 904 sublatam
1002 861 1180 917 volunt,
1229 861 1314 906 hac
1361 861 1540 918 quidem

169 919 267 976 lege
298 925 431 973 atque
461 917 740 971 conditione,
771 924 821 959 ut
847 925 925 960 aut
953 933 1033 960 nos
1063 919 1226 961 erroris
1255 920 1539 971 eous-incant,

171 976 247 1031 qui
285 975 340 1017 ab
381 989 529 1017 eorum
569 974 740 1016 ratione
771 962 1026 1040 longissime
1056 974 1349 1030 discedimus,
1378 984 1472 1031 aut,
1501 975 1542 1018 si

168 1031 215 1074 id
255 1047 343 1074 non
374 1031 548 1087 possint
579 1031 739 1085 facere,
770 1031 897 1074 nobis
926 1032 1117 1086 ingenue
1146 1033 1447 1076 assentiantur
1473 1038 1540 1075 tt-

170 1104 255 1145 que
286 1096 464 1145 postero
494 1094 693 1144 tempore
722 1087 784 1130 ita
814 1089 960 1132 vivere
989 1089 1240 1143 instituant,
1271 1097 1322 1133 ut
1348 1090 1406 1133 iis
1434 1104 1539 1133 con·

170 1151 425 1190 sentaneum
457 1154 545 1197 est,
586 1145 660 1201 qui
704 1142 812 1188 deos
852 1161 949 1189 esse
978 1146 1154 1203 penitus
1189 1147 1274 1190 sibi
1307 1160 1540 1203 persuase-

169 1203 258 1245 rint
301 1203 363 1257 (p.
395 1203 492 1244 896.
527 1202 581 1244 l).
614 1227 668 1233 —
700 1204 800 1246 899.
837 1202 928 1259 D.).
963 1226 1011 1235 -—
1071 1203 1199 1247 Haec
1228 1203 1367 1261 igitur
1397 1202 1539 1250 Athe-

170 1259 335 1302 niensis
366 1273 419 1301 eo
449 1258 647 1310 consilio,
678 1267 726 1303 ut
757 1274 917 1302 numen
963 1258 1160 1302 divinum
1192 1275 1290 1304 esse
1318 1260 1539 1317 intelliga-

171 1324 257 1359 tur.
325 1314 428 1369 Qua
466 1315 763 1372 disputatione
800 1315 925 1359 finita
964 1331 1061 1360 sese
1101 1318 1314 1360 continuo
1365 1317 1422 1360 ad
1462 1332 1540 1361 eos

171 1373 412 1427 convertit,
446 1372 545 1427 qui,
583 1373 666 1415 etsi
697 1372 807 1416 deos
835 1388 932 1417 esse
961 1373 1228 1431 largiantur,
1270 1382 1419 1419 tamen
1460 1389 1540 1418 eos

171 1446 240 1473 res
269 1429 481 1472 humanas
513 1445 665 1472 curare
695 1437 870 1488 negent.
932 1429 1059 1485 Quos
1092 1431 1269 1487 quidem
1300 1439 1451 1475 orator
1478 1432 1542 1474 ita

172 1493 357 1530 conatur
395 1485 582 1529 edocere
611 1487 816 1542 meliora,
859 1494 908 1530 ut
943 1489 1131 1546 primum
1167 1504 1243 1533 eos
1284 1489 1340 1532 de
1368 1489 1539 1532 caussis

172 1543 429 1599 admoneat,
470 1559 549 1586 cur
583 1544 761 1601 impiam
802 1545 931 1588 istam
970 1546 1222 1602 opinionem
1260 1546 1541 1591 animiam-iis

170 1600 461 1657 susceperint.
528 1600 687 1657 Itaque
724 1616 801 1645 eos
830 1602 908 1644 tali
951 1602 1043 1646 fere
1095 1602 1229 1646 modo
1285 1602 1541 1661 compellat:

173 1658 215 1701 O
257 1658 398 1712 bone,
441 1657 610 1713 inquit,
664 1659 742 1716 qui
782 1658 963 1702 deorum
1003 1659 1325 1716 providentiam
1374 1659 1539 1703 nullam

171 1730 268 1758 esse
307 1722 452 1771 putas,
484 1714 666 1759 videtur.
706 1722 784 1759 tua
830 1716 846 1758 i
879 1717 972 1760 sius
1022 1733 1121 1760 cum
1162 1717 1340 1760 numine
1387 1716 1540 1760 divino

173 1773 379 1829 cognatio
414 1779 456 1814 te
496 1787 670 1816 movere
711 1779 755 1816 et
784 1772 840 1816 ad
874 1789 1005 1817 ucere
1038 1789 1195 1829 posse,
1235 1780 1286 1817 ut
1323 1773 1423 1817 illos
1465 1773 1539 1829 pie

171 1844 410 1886 agnoscas,
455 1829 576 1872 colas
606 1837 650 1872 et
682 1832 942 1883 reverearis3
986 1831 1065 1874 sed
1105 1847 1183 1874 cur
1222 1846 1353 1874 secus
1383 1830 1536 1883 iacias,

172 1900 330 1928 caussa
361 1886 468 1929 haec
499 1894 579 1930 est.
641 1886 821 1930 Indue-it
850 1888 966 1930 enim
1004 1895 1050 1930 te
1081 1887 1136 1930 ad
1159 1888 1428 1944 impietatem
1458 1887 1537 1930 lio-

173 1942 334 1984 minum
366 1944 626 1986 iniustorum
657 1951 702 1985 et
732 1944 1030 2001 improborum
1050 1945 1240 2000 fortuna,
1273 1960 1386 2001 quae
1402 1959 1537 2010 saepe

172 1999 347 2042 videtur
392 2015 488 2043 esse
536 2001 807 2044 faustissima
859 2006 904 2044 et
950 2001 1228 2057 beatissima,
1280 2008 1536 2059 praesertim

173 2072 305 2111 quum
345 2072 476 2113 saepe
515 2057 643 2100 etiam
682 2057 947 2102 carminibus
987 2065 1032 2101 et
1062 2059 1204 2102 omnis
1234 2058 1408 2116 generis
1440 2073 1539 2102 ora-

172 2114 366 2156 tionibus
408 2114 560 2157 mirum
602 2122 811 2170 quantum
857 2115 1126 2167 celebretur3
1167 2115 1242 2158 ubi
1282 2116 1420 2174 igitur
1457 2116 1536 2158 im·

175 2170 335 2224 probos
375 2170 572 2215 homines
613 2171 736 2214 vides
779 2171 835 2214 ad
876 2180 1117 2215 extremum
1156 2172 1273 2215 vitae
1322 2172 1538 2216 humanae

174 2228 403 2269 terminum
442 2229 535 2270 sinc
576 2228 817 2272 offensione
855 2244 907 2272 ac
937 2229 1148 2286 singulari
1178 2229 1368 2285 quadam
1398 2229 1537 2273 felici-

173 2289 260 2325 tate
287 2285 512 2337 pervenire
533 2293 662 2339 atque
693 2286 821 2328 etiam
854 2286 969 2330 filios
1000 2293 1046 2330 et
1075 2294 1260 2343 nepotes
1290 2286 1538 2342 relinquere

173 2339 218 2381 in
259 2354 424 2382 summa
456 2341 664 2384 felicitate
705 2350 749 2386 et
782 2343 947 2386 honore
977 2344 1269 2398 constitutos,
1307 2343 1401 2387 tum
1430 2358 1538 2387 vero

172 2396 318 2438 animo
350 2403 426 2438 tuo
459 2397 737 2441 vehementer
765 2399 1049 2455 perturbaris,
1080 2416 1213 2457 quum
1243 2400 1415 2444 scilicet
1442 2400 1536 2444 ani·-

172 2451 407 2495 madvertis
447 2468 540 2495 csse
584 2469 669 2496 non
710 2472 899 2512 paucos,
943 2459 1017 2512 qui
1061 2457 1173 2501 adeo
1214 2473 1294 2514 per
1321 2456 1535 2501 nefandas

172 2523 222 2551 ac
263 2507 381 2550 diras
421 2509 666 2566 impietates
706 2527 758 2554 ex
795 2513 947 2556 humili
987 2514 1238 2558 conditione
1278 2530 1331 2558 ac
1360 2515 1537 2558 fortuna

171 2564 228 2608 ad
267 2580 460 2608 summae
504 2568 725 2621 potentiae
763 2584 813 2611 ae
857 2570 1077 2614 felicitatis
1118 2572 1343 2629 fastigium
1382 2585 1535 2616 escen-

172 2621 328 2665 derint.
407 2621 586 2666 Talibus
628 2624 760 2678 igitur
800 2626 929 2669 rebus
971 2635 1017 2670 tu
1059 2628 1330 2684 perturbaris
1369 2629 1532 2680 animo,

173 2687 215 2722 et
264 2694 525 2735 quamquam
575 2695 661 2722 nou
714 2681 848 2724 audes
898 2691 1076 2740 propter
1125 2692 1243 2728 tuam
1296 2700 1394 2730 cum
1447 2684 1535 2728 diis
