1644 2950
235 133 318 174 444
695 128 783 178 DE
812 129 1196 175 EPINOMIDIS

239 243 437 301 partibus
466 248 599 297 stare,
631 243 706 299 qui
738 243 1043 299 Epinomidem
1074 250 1340 287 censuerunt
1362 259 1477 302 opus
1496 260 1593 289 esse

237 300 526 356 subdititium,
558 300 630 343 cui
652 315 808 344 nomen
836 301 1031 344 Platonis
1055 300 1372 344 detrahendum
1389 303 1464 347 nit.
1505 302 1594 348 Cu·

238 360 308 401 ius
340 357 514 414 quidem
545 358 787 402 sententiae
815 371 990 403 nostrae
1019 363 1211 403 rationes
1251 367 1296 402 et
1338 370 1594 419 argumenta

240 416 278 459 si
321 416 419 470 quis
470 416 710 471 requirat,
742 415 966 472 complura
1011 432 1114 460 sane
1166 418 1208 460 in
1259 426 1431 474 promtu
1478 427 1592 463 sunt.

238 473 430 515 Primum
464 473 576 515 enim
608 473 850 527 consilium,
884 473 1000 529 quod
1032 483 1185 517 auctor
1229 475 1363 517 libelli
1404 476 1449 519 in
1488 491 1594 519 scri-

240 530 386 574 bendo
418 542 629 585 sequutus
655 537 738 585 est,
771 530 989 573 hominem
1016 531 1127 574 adeo
1155 532 1411 576 temeritatis
1433 534 1594 591 arguit,

239 595 290 631 ut
320 588 395 643 qui
429 587 497 629 vel
525 587 634 630 illud
665 602 798 630 unum
829 587 1061 645 diligenter
1090 589 1382 646 perpenderit,
1412 589 1451 633 is
1478 604 1596 633 certe

239 646 413 688 minime
443 644 719 687 dubitaturus
751 659 847 688 esse
878 645 1093 700 videatur,
1124 646 1229 702 quid
1261 646 1316 689 de
1345 654 1440 690 tota
1456 648 1595 704 ipsius

240 703 386 759 opella
435 701 713 745 sentiendum
760 703 828 745 sit.
907 702 1079 746 Deinde
1122 705 1252 747 etiam
1290 714 1594 771 argumentum

239 760 385 818 operis
407 760 657 815 primarium
676 759 871 802 fraudem
893 759 1071 814 indicat,
1102 761 1460 819 quandoquidem
1487 763 1596 806 illud

242 817 439 861 Platonis
487 818 620 860 menti
672 823 715 859 et
752 817 933 871 rationi,
979 817 1111 860 etiam
1147 818 1193 861 in
1230 819 1368 875 ipsius
1398 819 1596 877 Legibus

239 874 510 928 declaratae,
552 875 706 916 mirum
747 882 954 930 quantum
994 874 1274 930 adversatur,
1304 883 1355 918 ut
1394 878 1595 933 profecto

238 933 369 989 plane
402 931 631 974 ridiculum
661 931 742 986 sit,
773 931 890 974 idem
928 931 1035 974 illud
1076 932 1160 988 ipsi
1191 932 1366 976 Platoni
1404 934 1596 977 tribuere

239 989 366 1032 velle.
438 989 573 1032 Porro
615 989 745 1032 etiam
786 988 894 1041 illud
938 1005 1026 1032 non
1062 989 1200 1033 levem
1243 998 1391 1034 movet
1430 991 1596 1034 fraudis

241 1046 561 1104 suspicionem,
613 1045 733 1102 quod
783 1047 971 1103 scriptor
1018 1047 1062 1088 in
1106 1047 1297 1106 singulis·
1334 1049 1594 1104 quibusdam

241 1104 468 1147 doctrinae
526 1104 751 1161 partibus,
804 1119 913 1160 quas
963 1103 1178 1147 illustrare
1218 1113 1400 1149 conatus
1441 1114 1532 1161 est,
1572 1122 1598 1149 a

239 1162 437 1204 Platonis
469 1161 686 1204 sententia
716 1176 804 1204 non
835 1160 1111 1204 mediocriter
1141 1161 1322 1205 deflexit
1361 1178 1414 1206 ac
1441 1164 1595 1207 summi

240 1218 492 1277 philosophi
533 1218 800 1274 doctrinam,
841 1218 934 1261 sive
973 1218 1018 1261 id
1063 1218 1224 1262 callido
1272 1220 1456 1265 consilio
1502 1221 1594 1264 sive

239 1276 484 1320 temeritate
517 1275 706 1332 quadam
734 1276 796 1318 ita
826 1276 989 1319 factum
1020 1282 1102 1330 est,
1133 1277 1380 1320 commixtis
1416 1292 1515 1320 cum
1544 1292 1597 1320 ea

241 1335 335 1378 suis
365 1334 504 1390 ipsius
536 1333 732 1390 placitis,
774 1333 931 1376 misere
972 1332 1241 1389 depravavit.
1309 1334 1500 1378 Accedit
1538 1335 1595 1377 ad

242 1392 353 1437 haec
384 1390 588 1446 denique,
622 1389 740 1445 quod
769 1405 848 1447 per
874 1396 1012 1432 totum
1043 1405 1286 1434 sermonem
1316 1392 1448 1434 etiam
1482 1392 1597 1436 iusta

242 1447 487 1497 disserendi
534 1447 753 1491 subtilitas
797 1446 1095 1502 desideratur,
1145 1448 1499 1504 quandoquidem
1543 1457 1595 1494 eo

240 1506 414 1549 nomine
444 1520 533 1547 non
563 1504 693 1548 modo
727 1504 911 1561 singulis
942 1504 1203 1560 quibusdam
1230 1506 1275 1548 in
1305 1505 1413 1550 locis
1439 1522 1597 1564 pecca—

241 1570 315 1606 tur
343 1562 608 1619 turpissime,
639 1561 717 1605 sed
750 1563 878 1604 etiam
892 1569 992 1605 tota
1012 1562 1253 1619 disputatio
1278 1563 1426 1608 lucido
1446 1564 1596 1608 ordine

242 1620 553 1664 sententiarum
586 1626 720 1675 atque
750 1630 871 1662 recta
899 1620 1234 1677 argumentandi
1267 1622 1336 1664 via
1365 1629 1410 1664 et
1429 1623 1596 1666 ratione

243 1678 455 1721 destituta
484 1684 565 1719 est.
596 1677 721 1720 Haec
750 1677 884 1735 igitur
920 1684 1023 1720 sunt
1061 1678 1173 1732 fere,
1248 1694 1329 1722 uae
1371 1679 1596 1723 ad‘fidem

243 1746 290 1779 et
319 1734 623 1778 auctoritatem
646 1733 921 1791 Epinomidis
939 1750 1025 1778 non
1043 1741 1211 1778 tantum
1247 1736 1593 1793 abefactandam,

244 1792 324 1836 sed
360 1807 539 1849 prorsus
578 1790 856 1834 evertendam
892 1798 1025 1848 atque
1065 1793 1396 1836 convellendam
1435 1794 1496 1842 ita
1532 1795 1595 1836 fa-

243 1851 376 1904 ciant,
408 1857 458 1892 ut
487 1848 646 1892 exinde
677 1850 786 1891 satis
816 1855 981 1892 certum
1011 1849 1065 1892 de
1095 1856 1190 1893 tota
1207 1865 1363 1894 caussa
1384 1851 1594 1894 iudicium

244 1907 384 1965 repeti
413 1921 542 1963 posse
573 1905 785 1949 videatur.
845 1906 960 1949 Nam
992 1906 1111 1962 quod
1141 1908 1270 1950 etiam
1301 1909 1440 1951 oratio
1478 1908 1595 1964 libri,

244 1971 396 2022 utpote
426 1963 656 2021 insigniter
685 1963 842 2007 scabra
871 1970 915 2006 et
943 1963 1089 2006 hiulca
1118 1979 1198 2007 nec
1227 1964 1395 2009 levibus
1414 1966 1596 2010 maculis

245 2022 490 2078 inquinata,
521 2021 746 2077 scriptoris
765 2021 965 2063 inertiam
984 2021 1144 2078 arguit,
1176 2021 1222 2064 id
1241 2022 1460 2066 noluimus
1479 2038 1596 2067 nunc

247 2078 457 2137 peculiari
498 2093 631 2135 opera
660 2077 980 2131 demonstrare,
1022 2094 1155 2134 quum
1185 2079 1230 2122 in
1275 2082 1594 2124 commentariis

247 2137 303 2180 de
332 2136 429 2179 istis
459 2135 559 2178 libri
591 2134 768 2179 dotibus
800 2150 852 2178 ex
887 2135 1042 2178 osituri
1072 2136 1219 2180 simus.

362 2193 516 2249 Itaque
545 2193 729 2249 primum
761 2151 934 2249 quidemn
965 2193 1034 2235 vel
1065 2193 1206 2250 ipsum
1242 2192 1461 2237 scribendi
1490 2210 1594 2238 con-

247 2250 415 2303 silium,
468 2249 585 2305 quod
624 2261 776 2293 auctor
815 2249 1090 2307 Epinomidis
1128 2257 1339 2306 sequutus
1376 2258 1465 2307 est,
1507 2253 1594 2295 tale

247 2322 343 2350 esse
385 2307 707 2362 existimamus,
747 2307 862 2350 unde
902 2307 1020 2350 nullo
1062 2309 1151 2350 fere
1192 2307 1368 2365 negotio
1408 2309 1593 2367 intelligi

246 2363 390 2416 liceat,
422 2363 613 2406 libellum
647 2379 742 2408 esse
771 2365 963 2422 spurium
1001 2371 1249 2421 temereque
1282 2363 1478 2410 Platonis
1515 2382 1594 2409 no-

246 2421 362 2465 mine
390 2421 656 2477 insignitum.
716 2421 846 2475 Quod
883 2421 1058 2477 quidem
1091 2423 1316 2465 consilium
1345 2423 1470 2479 quale
1500 2424 1592 2466 fue-

246 2478 305 2521 rit
341 2482 386 2521 et
424 2492 630 2532 quorsum
671 2479 957 2535 spectaverit,
1000 2479 1107 2522 eatis
1146 2480 1419 2522 manifestum
1457 2488 1592 2524 extat.

247 2534 404 2579 Voluit
432 2534 545 2577 euim
577 2534 705 2578 homo
737 2552 847 2592 opus
873 2537 1039 2594 Legum
1062 2537 1397 2591 Platonicamm,
1427 2537 1594 2594 quippe

248 2592 367 2649 quod
387 2607 583 2635 mancum
604 2599 648 2633 et
678 2593 977 2649 imperfectum
1009 2609 1103 2637 esse
1129 2593 1362 2648 videretur,
1392 2594 1454 2635 ita
1475 2610 1591 2637 com-

247 2650 365 2707 plere
394 2657 438 2692 et
476 2663 796 2703 consummare,
837 2659 886 2692 ut
929 2666 1040 2706 quae
1072 2651 1199 2694 Plato
1240 2649 1363 2693 Libr.
1392 2650 1503 2694 ΧΠ.
1549 2668 1590 2718 p.

248 2708 344 2751 966.
379 2706 605 2749 B.—967.
646 2706 695 2749 Ε.
729 2705 783 2748 de.
826 2707 1035 2763 sapientia
1078 2723 1102 2749 a
1139 2708 1362 2751 nocturnis
1401 2708 1593 2752 civitatis
