1644 2950
243 114 326 156 446
677 110 762 153 DE
791 110 1063 156 EPINOMI
1070 111 1172 157 DIS

245 224 372 267 mode
403 223 614 268 adiecisse
649 224 883 270 videretur.
943 226 1051 269 Fuit
1082 227 1195 270 enim
1222 227 1266 271 in
1297 243 1350 271 ea
1373 230 1603 285 sententia,

243 294 292 324 ut
327 280 676 325 mathematicam
713 283 922 341 imprimis
957 285 1182 327 scientiam
1222 300 1416 331 summos
1453 286 1606 332 P-lato-

245 340 368 382 nicae
399 339 591 382 civitatis
621 341 665 382 in
695 340 894 398 Legibus
925 341 1128 385 conditae
1157 349 1328 387 tutores
1355 342 1509 389 decere
1536 361 1606 388 ar-

247 396 497 451 bitraretur,
529 396 584 440 de
612 412 700 452 qua
729 413 775 441 re
805 405 908 456 post
946 400 1118 456 paullo,
1158 399 1232 443 ubi
1277 399 1332 444 de
1373 401 1605 468 principali

244 453 346 496 libri
378 464 635 511 argumento
667 454 977 512 disputabitur,
1008 457 1320 514 explicabimus
1346 467 1604 503 accuratius.

247 511 342 554 Iam
371 527 474 554 vero
505 511 613 554 alter
643 511 781 567 locus,
804 529 892 569 quo
913 521 1067 557 auctor
1086 515 1221 558 libelli
1245 514 1301 558 ad
1325 515 1604 560 scribendum

247 569 457 612 invitatus
497 576 591 624 est,
635 576 756 613 extat
802 571 920 616 Libr.
950 571 1062 613 XII.
1099 589 1141 630 p.
1170 573 1266 617 966.
1297 571 1351 621 C.
1389 588 1491 631 sqq.
1531 574 1606 618 ubi

248 625 432 669 docetur
471 627 742 684 principibus
783 627 868 670 illis
910 628 1124 684 civitatis,
1180 629 1234 673 de
1282 630 1440 687 quibus
1476 630 1606 675 modo

246 683 408 727 iniecta
437 692 505 726 est
534 685 714 730 mentio.
746 693 918 741 praeter
946 686 1125 729 aliarum
1147 696 1290 731 rerum
1310 689 1606 746 cognitionem

248 741 460 798 imprimis
491 742 621 784 etiam
651 742 972 798 arithmeticae,
1005 745 1294 801 geometriae,
1332 746 1606 803 maximeque

249 798 542 843 astronomiae
571 799 754 842 scientia
783 815 893 856 opus
923 801 1032 856 fore,
1063 804 1325 858 praesertim»
1342 818 1475 859 quum
1504 803 1608 846 inde

249 856 379 899 etiam
410 855 590 899 deorum
623 863 667 899 et
696 863 818 900 recta
847 858 1040 923 cognitio
1071 864 1116 901 et
1153 858 1346 916 prudens
1382 860 1607 904 veneratio

249 920 354 971 apta
389 928 441 956 ac
479 928 695 971 suspensa
734 929 832 957 esse
871 914 1086 958 videatur.
1157 915 1259 971 Quo
1301 923 1446 960 tamen
1490 918 1606 972 loco,

250 979 537 1028 posteaquam
586 972 788 1014 nocturni
835 972 1170 1016 ma‹ristratuum
1217 974 1328 1018 colle
1363 975 1391 1017 ii
1432 975 1609 1018 uberior

251 1029 478 1086 promsita
507 1035 575 1071 est
602 1028 854 1086 descriptio,
886 1008 960 1073 υἳή
991 1038 1170 1074 ventum
1201 1038 1268 1075 est
1369 1031 1607 1090 depingen-

251 1085 349 1128 dam
381 1085 613 1129 custodum
644 1087 825 1130 istorum
854 1087 1199 1143 institutionem,
1231 1104 1303 1133 res
1331 1090 1607 1147 paucissimis

253 1142 507 1197 absolvitur,
538 1150 588 1186 ut
617 1143 858 1200 disputatio
889 1145 933 1187 in
973 1144 1118 1188 medio
1162 1145 1315 1190 relicta
1352 1162 1449 1191 esse
1487 1146 1608 1190 vide-

253 1210 362 1244 atur.
422 1200 708 1259 Significatur
737 1202 851 1244 enim
885 1200 969 1246 hoc
998 1218 1134 1246 unum
1163 1210 1347 1253 tantum.
1378 1205 1608 1270 magistra-

251 1266 323 1301 tus
364 1258 472 1301 istos
511 1259 664 1315 utique
706 1260 823 1302 omni
862 1259 1063 1302 doctrina
1116 1267 1161 1302 at
1195 1276 1248 1304 ue
1287 1261 1505 1317 sapientia
1541 1261 1608 1303 in-

253 1323 444 1358 structos
474 1331 571 1359 esse
600 1323 824 1372 oportere3
855 1332 907 1359 ac
930 1316 1118 1372 denique
1138 1276 1328 1373 additur,
1355 1333 1443 1361 non
1461 1325 1608 1361 tamen

253 1373 338 1415 iam
383 1388 501 1416 nunc
540 1388 672 1430 posse
712 1373 967 1428 diiudicari,
1008 1390 1218 1430 quasnam
1259 1375 1360 1419 illos
1407 1383 1523 1419 artes
1564 1384 1609 1418 et

256 1429 432 1485 quando
463 1442 540 1472 aut
571 1430 782 1486 quamdiu
813 1430 980 1474 discere
1011 1433 1258 1488 conveniat,
1293 1432 1339 1476 id
1370 1431 1490 1488 quod
1521 1432 1609 1489 ipsi

254 1503 333 1530 suo
374 1493 460 1529 tem
495 1503 570 1529 ore
607 1487 760 1531 melius
799 1489 889 1532 sint
931 1489 1220 1543 intellecturi,
1259 1490 1336 1533 ubi
1372 1489 1608 1546 aliquando

254 1559 424 1587 omnem
494 1545 793 1601 isciplinarum
834 1546 921 1588 vim
961 1547 1260 1602 rationemque
1310 1547 1466 1591 animis
1515 1548 1608 1592 suis

254 1601 678 1659 comprehenderint.
752 1603 885 1646 Hunc
928 1604 1064 1660 igitur
1108 1604 1254 1647 locum
1288 1604 1420 1648 homo
1458 1611 1609 1648 noster

253 1660 356 1702 item
386 1659 442 1701 ob
475 1659 628 1703 oculos
657 1659 824 1715 habuit,
857 1661 1020 1719 quippe
1052 1662 1126 1718 qui
1164 1677 1354 1706 summos
1390 1661 1489 1706 illos
1518 1677 1609 1706 ma-

255 1717 488 1775 gistratus,
530 1717 607 1772 qui
647 1724 908 1763 nocturnum
959 1718 1191 1777 collegium
1230 1718 1349 1777 apud
1379 1719 1609 1763 Platonem

254 1774 548 1827 constituunt,
592 1774 1112 1819 accuratiusideformare
1154 1792 1390 1833 eorumque
1434 1777 1609 1821 institu-

253 1831 418 1874 tionem
439 1831 624 1888 plenius,
657 1848 787 1889 quam
807 1833 923 1890 apud
943 1834 1086 1890 ipsum
1106 1833 1414 1892 philosophum
1444 1835 1608 1877 factum

255 1895 338 1943 est,
371 1888 574 1933 exhibere
604 1898 791 1933 conatus
822 1892 894 1945 sit,
935 1898 1069 1947 atque
1108 1890 1153 1933 id
1198 1891 1343 1949 ipsum
1384 1906 1436 1935 eo
1476 1890 1608 1935 modo

286 1961 463 2003 eragere
494 1945 748 2000 decreverit,
782 1954 831 1990 ut
862 1963 973 2003 qnae
1005 1948 1049 1990 in
1081 1947 1191 1991 libro
1221 1949 1608 2007 Legumseptimo

254 1962 308 2046 ge
339 2003 740 2047 mathematicarum
773 2004 1099 2071 disciplinarum
1139 2004 1351 2063 dignitate
1394 2021 1446 2049 ac
1484 2021 1609 2064 prae-

255 2060 416 2104 stantia
445 2060 547 2103 data
577 2062 638 2104 rei
669 2068 994 2120 opportunitate
1027 2063 1277 2119 significata
1306 2071 1437 2117 sunt,
1457 2078 1510 2106 ea
1553 2062 1610 2106 ad

255 2119 538 2175 magistratus
568 2119 676 2162 istos
708 2135 943 2175 eorumque
982 2120 1300 2164 institutionem
1339 2130 1470 2177 atque
1512 2137 1609 2164 eru·

257 2174 468 2218 ditionem
499 2176 844 2220 traducerentur.
910 2179 1062 2234 ltaque
1094 2177 1252 2221 homini
1285 2177 1504 2223 nosti-oid
1527 2177 1610 2220 suit

257 2234 544 2289 propositum,
578 2241 626 2286 ut
655 2250 765 2291 opus
796 2234 1065 2278 Platonicum
1099 2236 1223 2291 quasi
1249 2236 1292 2279 in
1313 2235 1608 2294 integritatem

258 2304 381 2332 suam
412 2291 653 2334 restituisse
685 2302 729 2335 et
756 2308 866 2348 quae
898 2293 942 2335 in
973 2308 1024 2336 eo
1056 2292 1429 2344 desiderarentur,
1471 2307 1609 2349 quan-

258 2353 350 2389 tum
382 2346 475 2388 fieri
505 2355 680 2404 posset,
725 2351 857 2393 menti
899 2367 949 2393 ac
990 2351 1232 2394 sententiae
1272 2350 1428 2395 summi
1466 2349 1608 2407 philo-

258 2402 385 2460 sophi
414 2405 725 2449 convenienter
753 2407 976 2451 addidisse
1003 2421 1053 2449 ac
1084 2408 1357 2465 supplevisse
1386 2406 1607 2451 existima·

257 2468 389 2504 retur.
449 2459 724 2518 Quamquam
755 2466 909 2507 merito
945 2464 1133 2508 dubitari
1165 2466 1345 2519 poterit,
1378 2478 1478 2507 num
1508 2463 1608 2507 Pla-

259 2518 375 2561 tonis
394 2520 651 2562 sententiam
673 2523 933 2578 perverterit
950 2522 1096 2580 potius
1117 2530 1162 2565 et
1192 2521 1375 2566 subdole
1400 2520 1454 2563 ad
1480 2535 1607 2572 ⁴suam

258 2575 399 2634 ipsius
429 2575 641 2620 rationem
670 2579 1089 2634 accommodaverit,
1121 2595 1249 2636 quam
1290 2578 1405 2622 illius
1445 2578 1609 2622 doctri-

260 2649 361 2677 nam
390 2631 580 2677 fideliter
620 2637 885 2693 expresserit
913 2643 957 2679 et
994 2635 1374 2680 consummaverit.
1433 2633 1524 2681 Sed
1553 2635 1608 2679 de

264 2690 347 2734 hac
385 2705 432 2734 re
470 2690 556 2735 alio
594 2690 690 2736 loco
737 2692 990 2737 videbimus.
1068 2694 1343 2738 Revertimur
1389 2708 1505 2736 nunc
1552 2693 1608 2736 ad
