1644 2950
208 152 294 196 400

209 265 354 307 intelligi
380 263 488 296 debet
503 287 513 304 ‚
537 272 597 295 cur
623 272 666 295 eo
691 271 757 295 nec
782 266 853 294 tra-

208 312 276 355 gici
301 315 338 344 et
363 309 457 352 lyrici
481 307 721 342 abstinuerint.
771 306 854 341 Ete-

210 358 278 390 nim
311 356 374 390 lios
405 355 545 398 quidem
581 355 688 388 multa
719 357 856 387 constat

211 403 297 446 epici
332 401 506 434 sermonis
540 402 684 443 propris.
717 402 751 433 in
791 399 852 431 lin·

209 458 312 492 guam
346 457 443 480 suam
480 447 718 488 transtulisse,
750 455 855 487 quor-

211 505 286 527 sum
313 494 420 527 etiam
447 493 528 526 illud
561 493 730 536 pertinet,
763 490 855 533 quod

210 541 294 573 item
321 539 462 574 relativa
490 544 527 573 et
551 539 741 583 particulas
766 542 854 570 tem-

211 595 294 628 pus,
327 587 466 626 locum,
509 593 673 618 caussam
709 583 859 624 denique

210 631 457 675 significantes,
483 632 615 664 omisso
639 627 695 670 ἄν,
722 629 859 662 creber-

211 679 299 712 rime
324 687 402 711 curu
429 679 650 710 coniunctim
676 674 857 708 consocia-

210 728 302 758 runt.
348 723 472 765 Atque
500 722 587 756 lianc
610 723 721 764 ipsam
750 721 856 753 ratio-

211 780 285 804 nem
320 770 422 803 etism
455 770 646 811 scriptores
682 766 859 799 inferioris

209 817 339 849 aetatis
370 820 623 858 susceperunt,
648 814 706 855 qui
732 813 857 846 relicto

211 861 364 904 vulgaris
398 861 535 895 dialecti
566 870 632 893 usu
668 858 799 892 rariora
825 862 861 891 et

211 907 435 941 insolentiora
464 907 581 940 venati
618 909 701 939 sunt
725 905 857 938 minus-

211 963 280 996 que
310 953 478 996 religiose
514 952 729 986 retinuerunt
761 950 859 983 Atti-

212 1009 332 1033 corum
348 998 648 1032 consuetudinem.
695 997 754 1030 De
778 995 856 1039 qui-

212 1047 277 1079 bus
300 1045 329 1078 si
361 1047 439 1086 quis
466 1045 603 1087 plenius
628 1042 770 1076 edoceri
797 1051 857 1075 cu-

212 1092 309 1134 piat,
349 1090 456 1123 adeat
490 1091 521 1123 is
564 1089 857 1123 Schaeferum

211 1137 256 1170 ad
289 1138 425 1179 Aesop.
467 1136 587 1171 Fabul.
621 1146 653 1178 p.
686 1134 766 1170 131.
800 1134 854 1168 ed.

213 1183 384 1226 Heusiug.
425 1182 594 1215 lacobs.
646 1181 690 1215 ad
732 1181 860 1215 Achill.

212 1229 292 1263 Tat.
318 1239 351 1272 p.
377 1227 458 1264 681.
487 1227 542 1261 ad.
570 1226 692 1261 Atlien.

213 1275 448 1308 Loceitam
475 1273 518 1308 ad
543 1272 703 1317 Xenoph.
731 1271 861 1315 Ephes.

213 1332 245 1363 p.
278 1320 358 1356 185.
391 1319 602 1354 Iacobum
634 1319 690 1353 ad·
714 1317 858 1352 Lucisn.

212 1367 306 1400 Tox.
344 1377 377 1409 p.
413 1366 472 1402 53.
507 1369 545 1400 et
577 1375 666 1408 quos
691 1364 738 1397 illi
763 1373 860 1397 eorn-

211 1417 463 1448 memorarunt.
512 1411 565 1445 De
590 1410 770 1444 veteribus
796 1419 857 1442 au-

211 1464 281 1492 tem
311 1458 455 1498 Atticis,
481 1457 539 1499 qui
566 1466 673 1500 prosa
699 1457 858 1489 oratione

215 1505 269 1538 usi
285 1508 377 1544 sunt,
393 1502 664 1537 existimandum
675 1506 730 1536 est
741 1503 857 1544 paullo

211 1551 326 1583 aliter.
379 1549 424 1582 Hi
452 1549 542 1582 enim
569 1547 664 1590 quod
691 1548 750 1581 illa
775 1557 857 1580 ron-

212 1597 407 1628 structione
448 1595 625 1628 rarissime
667 1595 722 1626 usi
764 1597 859 1632 sunt,

212 1641 374 1674 videntur
399 1651 440 1674 ea
466 1641 499 1674 in
527 1650 563 1672 re
590 1640 684 1673 aliud
705 1639 787 1681 quid
803 1649 858 1672 se-

211 1689 308 1728 quuti
341 1696 444 1725 esse;
476 1687 631 1728 alioquin
665 1686 754 1718 enim
782 1695 856 1718 sae-

212 1735 290 1776 pius
316 1732 474 1775 profecto
509 1732 655 1766 eandem
691 1741 860 1774 usurpas-

210 1783 289 1813 sent
313 1779 504 1818 licentiam,
530 1788 598 1820 qua
623 1778 791 1819 tragicos,
808 1778 858 1822 ly-

211 1827 304 1858 ticos
345 1828 380 1857 et
427 1824 603 1858 citerioris
643 1823 858 1857 Graecitatis

211 1872 408 1913 scriptores
434 1871 622 1912 plerosque
638 1879 761 1903 omnes
777 1878 855 1912 per-

210 1921 318 1959 petuo
361 1926 446 1949 usos
486 1915 595 1949 fuisse
635 1917 854 1957 exploratum

211 1962 366 1996 habetur.
430 1961 536 1996 Quod
576 1961 715 2002 quidem
756 1961 859 2003 quale

210 2009 272 2047 sit¹
309 2016 410 2050 quam
444 2007 653 2040 brevissime
682 2015 859 2049 exponere

211 2053 431 2088 conabimur.
490 2053 663 2085 Videntur
694 2053 798 2093 igitur
823 2061 858 2085 e-

211 2101 279 2142 pici
319 2100 396 2132 solo
439 2097 474 2131 εἰ
508 2109 585 2131 cum
639 2098 859 2131 coniunctivo

211 2146 291 2178 ideo
317 2145 524 2187 saepissime
555 2154 619 2187 pro
645 2142 706 2176 ἐὰν
738 2145 791 2176 vel
818 2140 861 2185 ἤν

211 2191 263 2223 usi
290 2201 383 2231 esse,
410 2190 494 2232 quia
519 2190 731 2230 sentiebant,
758 2189 859 2231 quid-

211 2236 292 2278 quid
334 2236 560 2269 coniunctiro
606 2237 860 2277 enuntiaretur,

211 2281 246 2314 id
269 2291 407 2323 semper
434 2282 478 2314 its
507 2292 587 2315 esse
604 2285 859 2324 comparatum,

212 2331 251 2360 ut
284 2337 346 2369 per
377 2337 472 2359 suam
501 2327 607 2369 ipsius
639 2335 795 2360 naturam
824 2332 860 2360 et

211 2375 246 2405 in
294 2382 333 2405 se
378 2377 575 2413 spectatum
616 2383 741 2406 revera
784 2372 858 2405 fleri

212 2427 320 2462 posse
353 2418 580 2459 cogitaretur.
641 2418 745 2452 Quod
784 2418 857 2459 qui-

212 2464 291 2498 dem
326 2463 371 2495 illi
410 2463 494 2495 satis
527 2462 720 2496 habuerunt
752 2465 855 2496 etiam

212 2509 257 2543 ad
282 2507 363 2542 illud
395 2507 666 2550 designandum,
694 2508 786 2551 quod
811 2509 856 2541 ita

214 2555 352 2589 demum
395 2557 517 2596 posset
560 2554 653 2594 fieri,
692 2555 721 2587 si
758 2555 857 2587 simul

213 2600 462 2643 intelligeretur
477 2609 682 2642 suspensum
701 2610 781 2633 esse
799 2610 857 2633 ex-

214 2647 390 2680 trinsecus
424 2649 460 2679 et
492 2655 555 2688 pro
589 2655 702 2679 rerum
737 2645 856 2679 condi-

213 2693 308 2726 tione
328 2690 477 2727 evenlre.
526 2689 693 2726 Nimirum
721 2691 858 2733 priscae,

216 2739 354 2780 linguae
386 2736 588 2781 simplicitas
627 2738 721 2770 nullo
764 2736 857 2769 sacto

721 1236 755 1270 p.
782 1225 864 1261 141.

1282 0 1285 1 ⁷
1342 0 1384 25 ἲ*
1398 0 1403 3 ·
1411 0 1498 15 νῷν-’τῖ-
1509 10 1514 13 ,
1524 0 1559 11 ³⁷⁶¹*
1601 0 1603 3 ¹
1620 0 1624 3 -
1638 2 1644 10 ι

693 144 1082 189 ·PLATONIS
1275 107 1278 109 ⁸
1346 139 1384 163 ⁸

925 259 1123 293 discrimine
1151 257 1224 291 tere
1259 261 1445 302 utrumque
1470 258 1573 291 simul

925 307 1108 348 complexa
1142 308 1214 344 est,
1244 304 1443 339 subtilitatis
1471 303 1573 337 istius

927 355 1030 395 plane
1066 351 1262 390 incuriosa,
1298 359 1369 392 qna
1395 359 1468 384 uns
1493 358 1573 383 cum

926 398 976 431 rei
1010 407 1072 441 per
1109 407 1148 429 se
1189 399 1371 438 spectatae
1407 394 1574 430 facuit-te

930 443 1310 488 (possibilitatem
1336 441 1485 475 barbare
1510 450 1574 475 vo-

928 490 1021 533 cant)
1054 490 1156 521 simul
1193 489 1296 521 etiam
1338 491 1482 521 notstnr
1511 497 1574 520 ex-

925 542 1023 569 terna
1063 535 1172 577 ipsius
1209 533 1385 575 conditio,
1424 543 1496 576 qna>
1529 543 1575 566 ex

926 581 1200 624 contingentium
1235 589 1441 614 caussarum
1484 589 1574 613 nexu

926 631 1007 670 apta
1034 637 1074 659 ac
1097 637 1267 669 suspensa
1285 636 1365 659 esse
1386 626 1574 668 cogitetur.

930 676 1042 715 Atque
1070 672 1155 705 lianc
1171 673 1339 705 rationem
1367 672 1472 705 etiam
1489 671 1574 714 poe·

929 724 985 752 tae
1029 719 1126 762 lyrici
1176 723 1212 751 et
1262 718 1386 759 tragici
1424 716 1573 760 adopta-

929 769 1020 804 runt,
1047 765 1177 807 quippe
1197 764 1396 797 rectissime
1421 763 1573 796 sentien-

928 815 983 843 tes
1014 820 1088 842 eam
1124 810 1220 853 poesi
1252 820 1332 843 esse
1368 808 1574 842 convenien-

928 855 1107 890 tissimam.
1167 854 1239 889 Sed
1277 857 1379 889 aliter
1415 855 1575 889 feceruut

928 913 1055 946 prosae
1081 901 1250 934 orationis
1273 902 1475 944 scriptores.
1501 899 1573 935 Qui

928 958 1032 991 quum
1061 947 1163 981 facile
1187 947 1426 990 perspicerent
1452 955 1574 980 unam-

928 1003 1105 1037 quamque
1143 1003 1213 1027 rem
1254 992 1430 1026 obiective
1458 991 1574 1036 possi-

929 1041 1033 1075 bilem
1067 1040 1142 1072 fere
1179 1038 1309 1081 duplici
1343 1039 1483 1072 nomine
1522 1043 1575 1071 ta-

928 1087 996 1120 lem
1016 1086 1184 1126 existere,
1209 1084 1488 1127 quandoquidem
1506 1093 1574 1117 non

930 1132 1038 1166 modo
1076 1141 1140 1174 per
1177 1141 1240 1172 se,
1281 1130 1344 1165 sed
1378 1132 1482 1164 etiarn
1510 1139 1574 1173 pro

929 1188 1020 1212 nexu
1049 1187 1116 1210 suo
1148 1186 1225 1209 cum
1261 1177 1336 1209 aliis
1365 1177 1468 1210 rebus
1495 1186 1577 1210 rere

930 1224 1003 1258 fieri
1035 1233 1140 1266 posse
1173 1223 1446 1266 intelligeretur,
1481 1222 1577 1256 ducti

930 1270 1074 1304 maioris
1107 1268 1284 1303 cuiusdam
1319 1267 1577 1312 perspicuitatis

929 1315 1062 1356 studio,
1087 1315 1191 1358 quale
1211 1324 1339 1357 prosae
1354 1314 1503 1348 orationi
1521 1314 1575 1347 vel

931 1363 1081 1395 maxime
1097 1361 1275 1395 convenitz
1302 1370 1371 1403 quo
1396 1362 1502 1394 etism
1524 1359 1576 1392 rei

928 1407 1103 1451 possibilis
1141 1410 1285 1440 exterus
1323 1406 1414 1440 ratio
1447 1406 1575 1450 signiti-

928 1458 1081 1493 caretur,
1107 1453 1238 1494 ubique
1264 1450 1327 1485 ἐάν
1354 1451 1468 1495 veliin
1496 1462 1576 1487 curn

928 1500 1147 1533 coniunctivo
1195 1503 1472 1543 usurpaverunt;
1513 1497 1576 1532 ssd

928 1547 1078 1589 priscum
1106 1543 1189 1578 illud
1206 1543 1241 1576 el
1252 1545 1474 1579 coniunctim
1489 1554 1576 1578 con·

928 1593 1098 1625 sociatum
1131 1591 1222 1624 intra
1247 1591 1335 1624 fines
1357 1590 1576 1624 arctissimos

929 1639 1187 1671 concluserunt.
1245 1637 1383 1670 Etenim
1423 1636 1576 1671 admise-

930 1689 1007 1716 runt
1034 1683 1134 1724 illud,
1161 1693 1225 1716 uos
1251 1685 1279 1715 si
1305 1681 1390 1725 quid
1417 1683 1576 1717 iudicare

929 1740 1142 1773 possumus,
1175 1730 1223 1765 ita
1257 1733 1411 1769 tanturn,
1437 1730 1466 1762 si
1491 1728 1574 1770 quid

928 1775 1189 1819 significandum
1217 1779 1326 1813 esset,
1354 1775 1447 1817 quod
1468 1784 1574 1818 quum

928 1832 991 1865 per
1023 1833 1063 1855 se
1095 1831 1216 1855 revera
1251 1820 1324 1854 fieri
1353 1825 1491 1864 posset.
1522 1825 1575 1853 ta-

927 1877 1006 1901 men
1052 1877 1118 1899 non
1160 1867 1242 1900 item
1293 1876 1337 1901 ex
1373 1875 1573 1900 caussarum

927 1913 1200 1954 contingentium
1225 1922 1313 1946 nexu
1328 1910 1498 1955 penderet
1517 1921 1575 1944 ne-

927 1969 994 2001 que
1025 1969 1087 2001 pro
1119 1968 1234 1991 rerum
1266 1958 1411 1991 aliarum
1452 1957 1574 1992 condi·

926 2006 1020 2038 tione
1045 2005 1184 2037 evenire
1209 2003 1432 2046 cogitandum
1466 2009 1572 2037 esset.

927 2050 1028 2085 Quae
1049 2049 1186 2092 «laniciem
1205 2050 1454 2083 sententiarum
1481 2050 1574 2084 ratio

927 2105 1031 2139 quum
1065 2100 1188 2129 natura
1221 2105 1284 2130 sua
1319 2095 1366 2128 sit
1391 2097 1495 2137 longe
1517 2105 1572 2130 rs-

929 2142 1077 2182 nasim,
1100 2150 1319 2184 consequeus
1336 2146 1401 2187 est,
1417 2146 1457 2176 ut
1470 2142 1572 2175 etiam

928 2188 992 2220 ista
1020 2188 1206 2221 verborum
1238 2188 1456 2221 constructio
1480 2187 1573 2229 apud

929 2234 1103 2276 pedestris
1159 2233 1328 2266 orationis
1382 2233 1573 2276 scriptores

928 2279 1107 2312 rarissime
1134 2279 1340 2321 reperiatur.
1395 2278 1488 2314 Nam
1515 2288 1572 2311 re-

928 2325 1031 2368 periri
1064 2335 1139 2357 eam
1174 2334 1257 2358 sarie
1299 2323 1469 2365 subinde,
1510 2333 1574 2356 nee

926 2371 1003 2403 ullis
1052 2369 1220 2404 machinis
1264 2379 1370 2412 possa
1422 2369 1574 2411 undique

926 2415 1095 2455 amoveri,
1120 2415 1155 2449 id
1184 2416 1285 2449 nobis
1302 2414 1442 2458 quidem
1470 2415 1574 2459 plane

929 2471 1133 2504 persuasum
1183 2466 1249 2495 est.
1321 2460 1480 2504 Longum
1520 2464 1574 2495 est

929 2508 1087 2551 exempla
1119 2507 1238 2540 omnia
1270 2516 1312 2540 ex
1341 2517 1467 2550 prosae
1493 2516 1574 2540 ora-

929 2554 1030 2586 tionis
1056 2553 1288 2595 scriptoribus
1312 2562 1330 2585 s
1358 2552 1437 2585 iiris
1462 2550 1575 2584 doctis

930 2600 1078 2631 collecta
1105 2599 1219 2632 denuo
1233 2607 1416 2631 recensere
1442 2601 1478 2631 et
1491 2595 1572 2640 quid

930 2644 973 2676 de
999 2643 1141 2686 singulis
1164 2641 1386 2676 ststuendnm
1413 2642 1477 2682 sit,
1511 2651 1570 2674 sc·

930 2690 1085 2725 curatius
1131 2690 1324 2731 exquirere.
1394 2687 1570 2723 Quocirca

929 2735 1049 2777 paucis
1083 2733 1225 2776 defungi
1251 2735 1379 2776 placet.
1407 2734 1570 2767 maxime.-
