1618 2950
540 117 735 170 LIBRI,
751 118 996 164 Ducum.
1383 123 1460 164 123

85 229 380 292 ing-disque
420 233 552 277 rebus
598 232 800 276 humanis
838 232 885 277 id
927 248 1062 278 unum
1108 234 1193 278 fuit
1242 232 1459 287 relictum,

86 293 299 335 ιύ-ωω
338 289 506 347 cuique
537 289 685 335 locum
723 304 805 347 pro
836 290 1081 335 animarum
1109 289 1259 335 indole
1287 304 1343 334 ac
1371 290 1459 334 vir·

85 353 182 392 tate
203 346 494 406 ’κάρυα-οι,
525 346 697 391 meliori
726 346 976 403 meliorem,
1018 347 1226 392 deteriori
1265 346 1458 392 deterio-

86 417 204 469 nni,
233 402 301 447 ita
326 402 522 461 quidem,
552 411 605 448 ut
631 404 824 448 omnium
855 419 908 448 ac
936 405 1210 463 singulorum
1241 406 1384 449 virtus
1416 412 1461 449 et

86 459 276 506 bonnus
303 476 386 519 pro
413 460 630 518 oniasque
659 460 906 506 rationibus
936 477 1069 518 quam
1098 462 1286 505 maxima
1308 470 1462 520 posset

86 516 292 563 oxism-
358 517 539 563 Etenim
578 517 837 576 permissum
874 519 1053 563 omnino
1096 519 1314 575 cuiusque
1344 519 1460 564 arbi-

86 574 176 619 trio
214 580 311 631 ost,
351 574 497 632 qualis
527 574 704 619 tandem
743 575 851 620 velit
888 575 1089 621 evadere.
1162 575 1460 631 Quemadmo-

87 629 194 676 dum
230 631 371 690 igitur
406 633 595 689 quisque
632 647 730 676 eam
772 648 854 690 pro
893 648 942 678 se
968 633 1156 690 adeptus
1187 640 1256 677 est
1284 633 1460 677 liberta-

86 695 202 755 m,
238 694 291 733 nt
325 701 411 733 sua
437 696 599 747 sponte
627 690 836 745 virtutem
866 696 942 734 aut
971 691 1068 735 eius
1096 691 1363 735 contrarium
1390 704 1460 734 se·

86 751 202 790 offla
238 743 396 802 lineat,
434 747 499 790 ita
535 747 668 791 etiam
705 753 886 791 aeterna
920 747 1108 804 quadam
1138 748 1330 792 satorum
1362 747 1460 806 lege

86 801 234 847 loun
261 802 334 848 vel
359 804 598 848 stationem
628 804 902 849 nanciscitur
930 821 1011 863 pro
1042 811 1226 848 naturae
1256 820 1363 848 suae
1393 805 1458 848 in·

86 857 190 905 dolo
228 863 288 904 ss
319 860 487 905 virtute
517 868 597 904 aut
621 861 892 919 superiorem
922 870 999 906 aut
1026 863 1292 906 inferiorem.
1352 862 1459 906 Ete·
1526 894 1528 896 -

47 929 54 933 “
87 915 179 960 nin
214 918 448 962 constituit
486 918 598 962 deus
628 933 733 962 sane
764 918 883 963 hunc
920 920 1109 964 fatorum
1139 918 1365 973 ordinem,
1409 928 1460 963 ut

87 970 275 1029 animae,
305 989 395 1032 quo
425 976 566 1034 magis
598 974 866 1033 deliquerint
894 983 939 1020 et
964 992 992 1020 a
1011 977 1174 1021 virtute
1197 976 1458 1031 defecerint,

87 1044 143 1074 eo
169 1029 356 1076 inferius
386 1030 698 1084 detrudantur;
741 1049 830 1089 quo
867 1033 1112 1078 studiosius
1142 1040 1290 1077 autem
1321 1035 1459 1077 virtu·

86 1096 176 1131 tem
203 1087 445 1144 coluerint,
487 1104 541 1133 eo
579 1090 800 1133 meliorem
832 1097 938 1156 post
967 1091 1081 1134 hanc
1147 1090 1293 1135 uidem
1323 1091 1458 1134 vitam

86 1149 251 1188 statim
286 1153 334 1189 et
369 1145 668 1191 conditionem
707 1147 941 1205 accipiant.
1018 1148 1121 1203 Quo
1185 1147 1362 1204 quidem
1392 1146 1458 1190 di-

88 1199 237 1245 vinum
273 1201 487 1247 indicium
525 1219 656 1248 nemo
698 1204 815 1248 ullus
851 1220 1047 1262 unquam
1092 1205 1256 1263 poterit
1284 1204 1457 1250 subter·

87 1257 264 1316 fugere,
302 1259 477 1304 etiamsi
507 1276 606 1305 sese
635 1261 683 1305 in
713 1261 878 1306 ultimis
908 1268 1050 1307 terrae
1080 1261 1459 1319 profunditatibus

87 1313 363 1362 abscondere
399 1324 476 1361 aut
515 1319 672 1376 pennis
702 1319 749 1362 in
778 1319 951 1363 coelum
980 1334 1122 1376 usque
1154 1319 1356 1364 attollere
1387 1333 1457 1363 co·

86 1377 232 1417 netur.
299 1373 372 1418 Ex
409 1374 480 1419 his
520 1376 725 1420 omnibus
766 1390 871 1420 vero
901 1377 1182 1435 perspicuum
1210 1376 1289 1432 fit,
1331 1375 1460 1419 deum

86 1442 175 1475 nou
211 1429 355 1475 tobim
396 1446 467 1478 res
511 1431 722 1477 humanas
761 1448 940 1489 curare,
990 1434 1069 1478 sed
1110 1433 1289 1478 easdem
1327 1434 1460 1477 etiam

89 1486 413 1544 cupientissime
441 1489 688 1546 instituere,
719 1505 888 1549 regere,
921 1492 1168 1551 gubernare
1198 1498 1243 1535 et
1274 1490 1460 1534 admini-

87 1550 230 1589 strare
298 1561 345 1603 p.
379 1547 478 1590 903.
518 1547 571 1590 Β.
608 1573 662 1580 -
692 1549 793 1591 905.
824 1550 918 1604 Q).
964 1574 1016 1581 -
1091 1549 1184 1592 Iam
1224 1564 1330 1592 vero
1376 1548 1459 1591 hae

88 1608 214 1658 parto
299 1604 582 1660 'sputationis
641 1611 913 1661 pertractata
968 1605 1158 1662 denique
1219 1607 1352 1650 etiam
1402 1605 1460 1648 ad

89 1672 243 1702 eorum
270 1661 533 1705 sententiam
563 1662 897 1706 examinandam
928 1662 1179 1716 acceditur,
1221 1663 1324 1719 qui,
1355 1662 1461 1706 licet

88 1713 195 1759 deos
225 1721 271 1758 et
298 1731 396 1762 esse
426 1725 472 1762 et
500 1733 571 1763 res
603 1718 814 1764 humanas
842 1734 998 1763 curare
1028 1720 1113 1763 sibi
1142 1720 1458 1778 persuaserint,

87 1781 233 1816 tamen
264 1773 367 1818 ideo
396 1774 529 1833 impie
559 1775 615 1820 de
638 1775 726 1820 illis
755 1776 962 1831 sentiant,
996 1778 1099 1833 quia
1127 1792 1205 1820 eos
1235 1776 1458 1833 precibus,

88 1827 216 1873 donis
252 1837 299 1874 et
340 1833 596 1877 muneribus
644 1832 762 1878 flecti
809 1833 1009 1891 adeoque
1058 1835 1278 1901 corrumpi
1360 1848 1460 1877 osse

88 1884 309 1932 dictitent.
380 1888 491 1933 Eam
533 1905 638 1934 vero
681 1891 933 1949 opinionem
983 1891 1273 1935 Atheniensis
1325 1849 1460 1934 genet

88 1941 269 1989 deorum
311 1944 518 2004 dignitati
558 1954 691 2003 atque
729 1948 951 1992 maiestati
992 1948 1123 2006 plane
1165 1963 1261 1992 esse
1302 1947 1458 1991 adver-

89 2001 247 2045 sariam
285 2001 479 2060 ideoque
519 2004 698 2062 impiam
743 2020 796 2048 ac
835 2006 1083 2049 scelestam.
1156 2005 1272 2049 Nam
1311 2005 1348 2048 si
1390 2005 1458 2049 vel

91 2056 377 2103 humanarum
418 2075 560 2104 rerum
598 2061 810 2106 custodes
849 2069 895 2105 et
938 2062 1348 2116 administratores,
1392 2062 1458 2105 in·-

90 2114 213 2170 quit,
263 2116 562 2173 turpissimum
611 2133 707 2162 esse
749 2125 912 2175 putant
951 2119 1081 2163 donis
1120 2126 1166 2163 et
1204 2118 1458 2163 muneribus

89 2180 346 2231 corniptum
375 2187 524 2217 earum
555 2189 698 2218 rerum
737 2191 885 2219 curam
915 2191 969 2220 ao
997 2176 1177 2220 tutelam
1215 2176 1457 2234 negligere,

88 2243 274 2286 quarum
302 2229 507 2275 custodia
543 2231 729 2276 alicuius
760 2232 863 2275 fidei
904 2234 1140 2278 commissa
1169 2233 1251 2285 sit3
1291 2240 1459 2289 quanto

88 2286 231 2344 magis
259 2285 305 2330 id
334 2286 444 2332 deos
475 2287 690 2332 dedecere
721 2289 1046 2346 arbitrabimur,
1078 2290 1153 2347 qui
1182 2298 1288 2334 sunt
1317 2290 1456 2333 homi-

91 2355 195 2388 num
235 2344 292 2388 ab
334 2344 570 2400 iniustitia,
603 2346 869 2404 petulantia,
911 2347 1186 2405 insipientia,
1226 2348 1345 2391 vitiis
1377 2347 1454 2390 de-

89 2399 221 2456 nique
260 2416 312 2445 ac
351 2402 594 2446 sceleribus
634 2404 889 2448 defensores
934 2405 1106 2449 maximi
1155 2412 1198 2448 et
1242 2404 1453 2463 potentis-

88 2456 218 2501 simi?
276 2458 494 2503 Nimirum
523 2459 832 2518 largitionibus
863 2476 915 2505 ac
944 2461 1073 2506 donis
1103 2461 1326 2518 corrumpi
1356 2468 1399 2504 et
1430 2478 1455 2504 a

89 2514 258 2558 iustitia
296 2531 376 2573 per
404 2516 628 2573 improbos
660 2517 717 2561 ad
747 2518 1007 2574 pravitatem
1039 2519 1240 2573 deflecti,
1272 2518 1317 2561 id
1350 2533 1453 2561 vero

89 2580 167 2638 ant
206 2586 391 2631 maguae
429 2573 742 2619 imbecillitatss
778 2586 1083 2643 argumentum
1122 2583 1189 2619 est
1228 2583 1305 2618 aut
1344 2574 1455 2617 iudi-

89 2642 206 2672 ctum
243 2629 350 2674 facit
401 2630 679 2688 turpissimae
725 2634 960 2686 avaritiae,
1006 2642 1083 2677 aut
1130 2632 1275 2690 arguit
1327 2631 1455 2673 etiam

17 2738 20 2742 λ
90 2684 173 2728 alia
216 2686 345 2738 vitia,
386 2688 544 2743 quibus
576 2688 684 2733 deos
704 2688 885 2735 affectos
916 2705 1011 2735 esse
1043 2697 1198 2746 putare
1219 2689 1343 2732 nefas
1373 2695 1454 2731 est.
