1644 2950
209 137 296 180 4130
646 132 733 175 DE
764 132 1147 178 EPINOMIDIS

211 262 296 304 que
326 254 488 289 temere
519 244 724 288 oberrare
757 244 982 300 videatur,
1023 253 1073 289 ut
1111 245 1232 288 nullo
1270 245 1456 291 consilio
1485 245 1572 295 huc

211 311 345 360 atque
375 303 481 345 illuc
510 307 712 359 vagetur,
744 308 794 344 ut
823 303 1033 346 tortuosis
1064 303 1324 360 ambagibus
1351 303 1472 346 nulla
1498 317 1571 345 ur·

211 370 342 418 gente
386 359 654 403 necessitate
697 358 1073 415 circumducatur,
1129 359 1326 416 denique·
1363 366 1415 403 ut
1457 359 1573 403 iusta

209 417 484 474 singularum
513 416 701 474 partium
724 416 1019 472 copulatione,
1053 432 1142 474 qua
1166 417 1253 459 alia
1271 431 1326 466 ex
1342 416 1442 461 aliis
1466 423 1574 475 apta

212 475 302 518 sint
331 480 463 530 atque
492 487 629 528 nexa,
659 486 741 529 per
769 474 916 516 omnia
945 474 1035 516 fere
1065 481 1227 518 careat.
1287 472 1424 528 Quod
1454 480 1573 516 certe

212 531 429 574 neminem
458 529 730 588 praeteribit,
762 531 930 587 opinor,
963 531 1038 586 qui
1062 546 1235 574 omnem
1257 529 1574 588 disputationis

212 603 390 632 cursum
420 588 476 631 ab
506 587 633 629 initio
664 601 804 642 usque
835 587 892 630 ad
922 590 1086 630 exitum
1116 588 1186 631 vel
1217 587 1304 630 levi
1344 602 1482 645 opera
1506 587 1573 630 lu-

210 644 434 700 straverit,
465 650 515 686 ut
543 659 634 686 non
654 658 767 699 opus
789 643 994 687 videatur
1022 660 1110 687 rem
1135 644 1408 702 singulorum
1430 659 1573 687 exem·

244 702 387 745 lorum
417 700 829 744 commemoratione
869 702 1093 758 copiosius
1131 716 1351 767 exponere
1388 709 1434 745 et
1471 715 1575 744 con-

211 718 402 803 {Ru-mare.
466 757 566 800 ‘Iam
606 770 710 800 vero
749 756 870 813 quod
907 773 1007 800 cum
1037 758 1124 802 isto
1161 758 1294 813 vnio,
1335 773 1574 814 sanequam

213 831 374 874 magno
406 814 497 869 illo,
530 814 660 869 quale
693 829 774 856 nec
802 814 846 856 in
879 814 1080 872 Legibus
1108 815 1308 858 Platonis
1336 815 1574 859 admissum

212 871 552 925 animadvertas,
586 871 782 928 proxime
803 872 1086 915 coniunctum
1109 887 1207 915 esse
1228 871 1356 926 solet,
1375 879 1429 916 ut
1444 872 1575 916 etiam

212 931 332 973 iusta
386 928 783 986 argumentationis
828 929 1083 986 progressio
1131 929 1406 987 negligatur,
1459 928 1575 972 idem

218 987 350 1030 etiam
381 986 428 1027 in
460 985 545 1027 hoc
575 999 708 1041 opere
738 992 805 1028 est
835 985 1075 1029 admissum
1107 986 1394 1041 creberrime,
1436 1000 1576 1042 quan-

213 1042 456 1098 doquidem
485 1042 531 1084 in
561 1042 748 1099 singulis
780 1042 873 1085 eius
904 1044 1104 1099 partibus
1133 1059 1221 1086 non
1252 1043 1315 1086 ita
1344 1058 1443 1087 raro
1473 1050 1578 1100 apta

217 1100 534 1144 sententiarum
564 1099 780 1142 connexio
812 1106 857 1142 et
887 1100 1061 1143 subtilis
1084 1108 1439 1158 argumentorum
1470 1115 1577 1143 con-

213 1157 355 1200 clusio
387 1157 519 1213 plane
550 1155 840 1200 desideratur⁴
902 1156 973 1199 Ita
999 1158 1147 1201 statim
1177 1157 1232 1200 ab
1262 1157 1390 1200 initio
1410 1156 1577 1214 dialogi

212 1220 314 1271 post
348 1229 449 1256 uam
478 1213 708 1256 temeraria
735 1214 823 1256 ista
853 1214 1011 1256 artium
1042 1229 1095 1258 ac
1111 1214 1440 1271 disciplinarum
1459 1214 1577 1258 facta

213 1277 282 1315 est
343 1270 496 1324 ivisio,
535 1270 666 1313 nullis
695 1270 941 1314 rationibus
973 1271 1118 1327 allatis
1150 1278 1363 1328 protenus
1393 1278 1575 1314 conten-

214 1327 334 1370 ditur
364 1334 416 1370 et
439 1333 742 1380 asseveratur,
786 1343 915 1369 unam
957 1328 1184 1372 scientiam
1225 1327 1575 1371 mathematicam

215 1399 362 1428 veram
392 1384 604 1426 scientiae
634 1383 811 1427 laudem
853 1383 1032 1437 afferre3
1075 1384 1196 1441 quod
1236 1399 1355 1428 sane⁴
1380 1398 1478 1428 non·
1509 1391 1578 1428 est

214 1441 436 1485 subtiliter
465 1440 753 1494 concludere,
793 1441 872 1483 sed
904 1442 1110 1497 plumbea
1142 1443 1309 1485 ratione
1339 1451 1503 1498 ponere
1533 1449 1578 1484 et

214 1497 499 1541 contendere.
572 1498 642 1540 Ac
682 1497 880 1540 similiter
919 1498 1204 1541 iudicandum
1244 1506 1311 1543 est
1351 1500 1482 1541 etiam
1522 1498 1576 1541 de

216 1554 314 1598 aliis
345 1554 452 1597 locis
482 1554 596 1597 bene
627 1555 789 1607 multis,
824 1554 959 1598 veluti
991 1555 1048 1598 de
1075 1571 1118 1613 p.
1139 1556 1323 1599 680.VA.
1353 1556 1432 1599 ubi
1460 1550 1576 1613 ¹quae

215 1611 271 1653 de
313 1617 413 1654 ortu
452 1611 703 1653 animalium
747 1611 1051 1668 disputantur,
1099 1627 1151 1655 ea
1193 1611 1304 1656 adeo
1344 1619 1497 1656 carent
1536 1613 1581 1655 vi

186 1708 191 1716 ,
217 1667 463 1724 probandi,
506 1673 558 1710 ut
586 1682 768 1724 prorsus
799 1670 978 1712 confuse
1010 1677 1054 1712 et
1083 1670 1292 1727 perplexe
1322 1669 1413 1712 sint
1441 1684 1576 1725 expo-

214 1725 300 1768 sita
329 1739 409 1768 nec
438 1723 564 1767 facile
595 1741 621 1767 a
651 1740 871 1781 quoquam
900 1726 1088 1783 intelligi
1121 1732 1297 1783 queant.
1357 1726 1575 1769 Nimirum

214 1781 493 1824 commiscuit
521 1780 652 1824 homo
681 1783 846 1839 passim
878 1798 959 1826 sua
987 1783 1128 1840 ipsius
1158 1783 1322 1840 placita
1351 1797 1450 1826 cum
1473 1797 1576 1832 sen-

214 1838 365 1881 tentiis
399 1838 620 1893 Platonis,
664 1841 789 1881 cuius
821 1840 965 1883 varios
997 1856 1049 1883 ac
1082 1841 1283 1883 diversos
1312 1840 1436 1883 locos
1464 1845 1576 1881 tam-

215 1911 346 1951 quam
409 1910 547 1938 annos
578 1896 792 1951 quosdam
825 1896 1051 1951 adhibuit,
1084 1897 1202 1939 unde
1232 1911 1354 1939 suam
1385 1896 1469 1939 sib'i
1499 1910 1574 1938 ve-

216 1959 326 1995 stem
402 1952 547 2007 iquam
576 1958 835 2007 consueret,
878 1960 928 1995 ut
965 1955 1166 2010 profecto
1197 1953 1351 1996 mirum
1382 1967 1473 1995 non
1501 1953 1573 2006 sit,

216 2024 315 2051 eum
346 2009 551 2064 neglecta
591 2009 707 2051 iusta
751 2010 1020 2067 singularum
1053 2011 1244 2066 partium
1276 2010 1482 2052 iunctura
1508 2015 1575 2052 te-

214 2080 331 2108 mere
364 2066 419 2108 ab
452 2066 548 2109 aliis
580 2065 635 2107 ad
665 2066 752 2108 alia
774 2066 1062 2122 deerravisse,
1095 2065 1463 2123 quemadmodum
1484 2066 1576 2109 fere

215 2122 269 2165 iis
310 2121 510 2165 accidere
550 2122 684 2177 solet,
734 2123 810 2179 qui
850 2123 1033 2166 aliorum
1071 2124 1244 2167 scriniis
1286 2122 1574 2180 compilandis

218 2179 301 2221 sibi
333 2178 558 2222 doctrinae
599 2179 829 2236 gloriolam
869 2196 1123 2237 comparare
1162 2180 1372 2239 gestiunt.
1439 2180 1575 2223 Prae-

217 2242 338 2277 terea
378 2235 432 2277 ad
477 2235 558 2278 hoc
601 2236 756 2278 vitium
788 2236 960 2280 accedit
990 2238 1120 2280 etiam
1162 2235 1306 2292 aliud,
1345 2235 1465 2303 quod
1494 2236 1574 2280 ho-

218 2291 348 2333 minis
380 2292 580 2334 fraudem
612 2299 655 2335 et
684 2293 902 2336 inscitiam
934 2310 1021 2337 non
1057 2295 1201 2338 minus
1243 2300 1402 2351 arguit.
1468 2292 1573 2337 Non

216 2363 315 2390 raro
347 2348 461 2390 enim
500 2364 643 2391 sermo
683 2349 903 2393 delabitur
942 2350 999 2393 ad
1037 2366 1177 2409 genus
1214 2349 1390 2394 dicendi
1428 2348 1574 2393 decla-

217 2404 471 2458 matorium,
516 2412 567 2447 ut
597 2421 683 2448 non
713 2407 919 2450 subtilem
950 2407 1270 2463 disputatorem
1310 2405 1390 2451 sed
1417 2406 1574 2462 loqua-

217 2475 312 2504 cem
341 2459 396 2504 de
425 2461 577 2504 schola
606 2470 867 2519 nugatorem
899 2463 1052 2506 audire
1084 2464 1334 2519 videamur,
1377 2461 1453 2519 qui
1493 2461 1573 2505 do-

217 2517 385 2561 ctrinae
424 2517 495 2560 vel
532 2518 660 2560 etiam
701 2520 980 2575 eloquentiae
1019 2535 1126 2564 suae
1168 2521 1318 2578 copias
1347 2524 1573 2562 ostentare

220 2574 421 2617 voluerit.
495 2574 566 2616 Ita
596 2574 907 2619 declamatorio
938 2577 1069 2620 modo
1101 2578 1307 2633 nullaque
1344 2576 1436 2618 fere
1467 2574 1572 2618 data

217 2632 311 2675 eius
339 2630 402 2674 rei
432 2631 761 2688 opportunitate
792 2650 832 2689 p.
862 2636 958 2677 973.
991 2633 1042 2676 C.
1068 2634 1124 2677 D.
1146 2634 1199 2677 Ε.
1231 2640 1276 2676 et
1304 2633 1401 2676 974.
1434 2632 1488 2674 A.
1517 2631 1570 2674 Β.

218 2686 488 2743 ostenditur,
527 2687 620 2731 fleri
653 2703 738 2731 non
771 2704 928 2744 posse,
973 2697 1021 2733 ut
1051 2691 1247 2734 homines
1289 2689 1334 2730 in
1366 2687 1448 2731 hac
1479 2687 1571 2730 vita
