1644 2950
219 129 303 170 470
467 127 550 169 nn
583 126 962 171 EPINOMmls
995 117 1219 171 VULGO
1250 133 1333 171 ete.

221 241 282 283 11.
313 257 354 298 p.
386 242 481 282 492.
521 238 590 282 ed.
634 244 669 284 1.
711 239 804 282 Ed.
845 240 1071 284 Zellero
1112 239 1231 285 Hist.
1274 240 1385 285 Phil.
1416 241 1478 285 11.
1522 258 1564 300 p.

223 300 316 340 694.
357 297 424 339 ed.
465 299 503 339 ⁶2.
543 303 588 340 et
634 296 754 340 Gar.
793 297 878 340 Fr.
931 298 1243 341 Hermanno
1293 297 1411 342 Hist.
1452 299 1563 342 Phil.

221 354 331 397 Plat.
371 353 408 396 Ι.
448 371 488 411 p.
531 356 625 397 590.
669 354 858 412 placuit,
897 356 969 411 qui
1012 353 1318 412 Epinomidem
1357 363 1566 412 putarunt

222 412 275 454 ab
295 411 560 470 Academiae
591 413 752 455 veteris
782 419 1047 456 assectatore
1065 412 1213 467 aliquo
1230 427 1317 456 non
1349 414 1410 456 ita
1428 413 1565 457 multo

251 475 321 512 ost
351 469 547 512 Platonis
578 469 741 512 obitum
773 470 926 513 litteris
957 471 1258 527 consignatam
1286 484 1398 526 esse,
1429 486 1566 527 quan-

219 486 453 582 doquidem
483 526 528 568 in
558 542 609 569 ea
642 528 802 571 veteris
834 527 1099 570 Academiae
1131 526 1470 584 philosophandi
1500 544 1567 571 ra-

219 583 282 626 tio
312 583 571 626 dominetur.
641 585 857 627 Nimirum
899 585 1116 642 expressit
1144 599 1250 627 sane
1283 576 1413 629 hoin'o
1441 586 1571 629 istius·

219 640 524 698 philosophiae
562 657 722 684 morem
763 651 808 684 et
845 641 1234 695 consuetudinem,
1275 641 1355 685 sed
1395 643 1456 686 ita
1494 658 1569 686 ex-

219 699 400 756 pressit,
445 705 495 741 ut
523 700 618 741 eius
650 700 734 741 vim
766 706 898 755 atque
928 698 1118 742 indolem
1158 714 1303 755 nequa
1334 714 1435 743 uam
1471 715 1569 757 per-

221 756 417 812 spexisse
446 757 698 812 reperiatur.
762 757 828 798 Ex
859 772 946 813 quo
977 756 1183 811 efficitur,
1215 763 1263 799 ut
1291 715 1404 800 lilber
1421 764 1570 815 poste-

221 814 332 856 riore
375 812 547 856 demum
585 820 727 856 aetate
766 820 890 856 ortus
932 828 1028 857 esse
1067 812 1328 857 iudicandus
1363 814 1435 858 sit.
1514 814 1569 856 Id

220 869 339 926 quod
368 876 491 913 tanto
522 871 683 914 rectius
717 872 780 913 ita
808 878 1002 915 statuere
1030 870 1251 926 videmur,
1290 870 1408 927 quod
1438 872 1570 914 etiam

219 928 396 973 Stoicae
426 927 652 971 doctrinae
681 929 871 987 vestigia
900 929 945 971 in
975 943 1026 971 eo
1058 934 1232 981 extant,
1264 926 1392 985 quale
1421 935 1490 972 est
1517 927 1570 971 il·

218 984 321 1039 lud,
355 983 476 1041 quod
507 984 766 1028 daemonum
798 986 922 1044 origo
951 985 1137 1028 refertur
1164 984 1219 1028 ad
1250 984 1496 1041 aetherem,
1526 993 1572 1028 et
1607 995 1609 997 ’

221 1041 342 1099 quod
385 1042 530 1084 anima
566 1042 787 1098 mundana
825 1043 1017 1087 omnium
1055 1057 1198 1086 rerum
1240 1056 1399 1100 parens
1437 1050 1570 1100 atque

220 1099 417 1143 effectrix
445 1113 539 1142 esse
570 1100 810 1157 iudicatur,
855 1100 909 1143 de
941 1115 1028 1156 quo
1060 1099 1306 1144 Stoicorum
1337 1099 1500 1156 placito
1529 1117 1570 1143 v.

221 1157 579 1200 Tiedemann.
649 1157 769 1216 Syst.
810 1157 1064 1215 Philosoph.
1103 1156 1279 1201 Stoicae
1317 1156 1405 1201 Vol
1433 1156 1498 1200 ΙΙ.
1527 1173 1570 1215 p.

225 1217 317 1259 117.
359 1230 456 1270 sqq.
535 1214 816 1271 Quamquam
857 1215 910 1259 de
946 1216 1091 1257 anima
1125 1213 1347 1258 mundana
1383 1215 1571 1258 fortasse

219 1272 305 1314 iam
336 1271 613 1330 Speusippus
642 1274 779 1316 sensit
809 1273 1034 1326 similiter,
1078 1272 1241 1329 quippe
1275 1271 1349 1328 qui
1380 1286 1475 1315 eam
1505 1272 1570 1314 ni-

219 1329 282 1372 hil
323 1328 441 1372 aliud
479 1330 566 1373 nisi
603 1330 745 1387 ipsum
788 1329 916 1372 deum
958 1344 1053 1372 esse
1084 1329 1295 1382 voluerit,
1341 1328 1473 1372 sicuti
1503 1335 1573 1373 est

220 1385 339 1444 apud
368 1385 626 1442 Ciceron.
659 1387 730 1429 De
760 1387 865 1430 Nat.
899 1387 1032 1429 Deor.
1064 1385 1100 1427 Ι.
1137 1387 1201 1431 13.
1251 1385 1366 1429 Nec
1395 1385 1571 1429 multo

220 1459 383 1487 secus
431 1443 819 1502 Speusippus,
879 1444 1174 1487 Platonem
1232 1443 1568 1487 avunculum

220 1501 596 1557 subsequens,
630 1508 683 1544 et
712 1501 883 1558 (deum)
915 1502 1020 1544 vim
1052 1499 1324 1557 quandam
1355 1498 1596 1556 dicens,

221 1574 326 1613 qua
381 1559 562 1601 omnia
618 1566 915 1615 regantur,
983 1572 1214 1613 eamque
1271 1556 1570 1604 animalem

221 1615 471 1658 evellere
528 1631 590 1657 ex
641 1616 836 1659 animis
892 1622 1133 1659 conatur
1184 1614 1569 1672 cognitionem

221 1672 458 1716 deorum.
528 1673 692 1716 Verum
735 1672 854 1716 istud
923 1672 1069 1716 uidem
1110 1679 1159 1715 ut
1195 1673 1241 1716 in
1270 1671 1416 1716 medio
1442 1672 1572 1716 relin-

221 1729 439 1787 quendum
469 1731 540 1785 sit,
572 1729 680 1773 illud
710 1731 862 1774 saltem
893 1689 1074 1773 dubium
1104 1745 1190 1773 non
1221 1735 1302 1784 est,
1334 1729 1440 1786 quin
1460 1729 1572 1774 falso

221 1794 438 1831 statuatur
489 1794 710 1831 auctorem
764 1787 1039 1846 Epinomidis
1098 1787 1258 1831 veteris
1305 1786 1570 1830 Academiae

220 1847 354 1888 luisse
399 1845 584 1888 amicum
626 1853 670 1888 et
709 1852 1035 1889 assentatorem.
1104 1845 1197 1888 Imo
1238 1844 1349 1887 vixit
1384 1844 1483 1900 ille,
1532 1846 1570 1887 si

222 1902 328 1958 quid
359 1902 551 1958 supinari
581 1902 699 1957 licet,
732 1902 1030 1946 Alexandrina
1048 1901 1221 1945 demum
1251 1907 1409 1957 aetate,
1440 1916 1570 1958 quam

223 1960 375 2002 talium
406 1960 568 2017 ingenii
607 1960 772 2003 fetuum
815 1965 991 2003 constat
1020 1966 1244 2016 parentem
1273 1958 1407 2002 fuisse
1437 1958 1570 2017 longe

223 2016 621 2060 foecundissimam.
680 2017 918 2070 Enimvero
947 2023 1041 2060 tum
1070 2015 1245 2072 quidem
1277 2015 1479 2059 facillime
1508 2017 1570 2060 ita

224 2074 319 2116 fieri
352 2075 519 2131 potuit,
553 2082 600 2117 ut
630 2075 828 2118 tenebrio
858 2074 1017 2131 aliquis
1048 2074 1220 2117 Platoni
1251 2072 1369 2117 istud
1398 2073 1463 2116 Le
1528 2089 1568 2117 m

225 2131 574 2188 supplementum
606 2148 684 2189 per
712 2131 905 2175 fraudem
937 2136 1232 2188 supponeret,
1273 2137 1318 2173 et
1345 2146 1432 2187 quo
1480 2131 1568 2174 aci-

224 2188 306 2230 lius
336 2188 430 2243 ipse
462 2190 506 2231 in
539 2190 726 2233 obscuro
748 2190 915 2244 lateret,
947 2193 1184 2246 primorum
1205 2186 1568 2232 Academicorum

223 2245 563 2302 philosophandi
609 2247 846 2301 rationem,
896 2262 1025 2303 quam
1065 2246 1192 2289 Plato
1240 2245 1334 2302 ipse
1377 2251 1568 2289 extrema

225 2308 369 2344 aetate
400 2304 635 2359 praeivisse
667 2304 910 2360 videretur,
940 2302 1151 2347 imitando
1182 2303 1454 2360 exprimeret.
1509 2302 1566 2346 -In

224 2374 311 2415 quo
341 2366 483 2401 tamen
523 2360 651 2404 homo
690 2361 1115 2405 fraudulentissimus
1153 2366 1316 2403 temere
1355 2360 1466 2415 ruit,
1505 2360 1568 2403 ita

223 2423 273 2460 ut
305 2421 349 2459 et
378 2431 403 2458 a
431 2416 627 2460 Platonis
658 2425 800 2461 mente
831 2425 962 2474 atque
993 2417 1175 2462 consilio
1201 2416 1452 2475 longissime
1490 2417 1567 2460 ab·

224 2473 434 2518 erraverit
473 2480 518 2516 et
554 2477 713 2519 veteris
755 2475 1020 2519 Academiae
1059 2476 1270 2518 rationem
1316 2489 1367 2517 ac
1405 2472 1566 2517 doctri-

225 2547 347 2587 nam,
381 2546 508 2587 quam
542 2547 628 2575 non
660 2541 777 2577 esset
808 2542 1094 2589 assequutus,
1139 2532 1300 2589 passim
1331 2530 1566 2575 miserrime

225 2587 539 2651 depravaverit.
