1644 2950
219 127 302 170 458
658 125 741 168 DE
775 125 1051 170 EPINOMI
1061 123 1161 170 DIS

218 238 398 295 quidem
427 237 534 281 fecit
564 237 715 294 aliter,
747 254 1012 295 quamquam
1042 239 1088 282 in
1119 238 1204 282 hoc
1230 251 1366 296 opere
1395 252 1453 297 po
1483 236 1579 282 ula-

219 311 310 339 rem
339 295 552 338 rationem
571 303 788 351 sequutus
819 303 902 339 est.
964 296 1097 339 Certe
1123 293 1303 352 quidem
1485 294 1582 338 'bus

219 353 306 396 illis
336 352 559 406 civitatis,
593 367 705 409 quos
736 353 1009 403 informavit,
1041 353 1172 397 sicuti
1203 352 1355 410 paullo
1384 358 1489 397 ante
1515 351 1582 395 vi-

219 409 388 464 dimus,
439 410 695 466 neutiquam
739 410 880 454 voluit
915 426 1086 453 omnem
1128 410 1285 453 deesse
1322 409 1583 452 dialecticae

221 467 497 522 facultatem,
548 467 712 524 quippe
755 483 865 523 quos
906 468 1129 511 censuerit
1169 467 1381 510 virtutum
1420 481 1584 524 genera

219 530 353 580 atque
397 524 559 567 formas
608 527 858 567 accuratius
905 526 1108 582 cognitas
1155 524 1319 568 habere
1364 529 1583 580 oportere.

181 594 191 600 ’
223 582 360 625 Porro
391 580 522 623 homo
551 588 702 624 noster
730 582 925 638 quinque
955 582 1113 626 statuit
1142 596 1376 638 corporum
1418 579 1584 624 solido·

219 653 315 680 rum
339 637 553 681 elementa
572 639 635 695 (p.
660 640 756 682 981.
792 639 843 681 Β.
862 639 993 694 sqq.).
1056 638 1108 681 In
1140 653 1228 694 quo
1250 651 1403 681 rursus
1426 637 1584 682 mirum

219 701 432 752 quantum
462 709 488 737 a
521 695 707 738 Platone
738 695 968 750 discessit,
1001 710 1134 752 quem
1163 702 1371 750 constat,
1410 694 1584 737 etiamsi

219 751 440 795 aetherem
483 758 527 794 et
568 752 663 809 ipse
691 751 882 795 voluerit
920 752 1112 795 medium
1153 767 1251 796 esse
1291 753 1407 796 inter
1436 751 1585 809 ignem

218 815 264 853 et
288 824 438 859 ,aerem
469 815 623 866 utpote
652 810 788 863 ἀέρος
818 809 870 851 τὸ
893 809 1205 862 εὐαγέστατον,
1235 809 1368 853 sicuti
1389 808 1584 852 estTim.

220 883 264 924 p.
298 867 366 910 58.
400 866 481 920 D.,
523 873 668 909 tamen
699 865 888 909 eundem
930 866 1245 910 elementorum
1273 881 1458 909 numero
1488 879 1585 908 exe-

220 924 375 978 misse,
421 922 476 965 de
517 938 606 979 qua
644 938 689 965 re
730 939 772 965 v.
805 923 946 980 Legg.
986 923 1047 967 X.
1087 939 1129 981 p.
1161 925 1263 966 888.
1305 923 1358 966 E.
1399 924 1498 966 891.
1533 922 1586 964 Β.

221 980 333 1039 Tim.
364 995 407 1036 p.
442 981 513 1023 40.
546 982 602 1022 A.
633 982 702 1022 4⁶2.
734 982 802 1022 43.
834 983 886 1022 A.
919 982 988 1024 55.
1023 981 1081 1022 D.
1113 995 1219 1036 sqq..
1243 981 1313 1024 81.
1344 979 1398 1022 Ε.
1469 979 1587 1022 Nam

220 1038 351 1095 longe
391 1036 509 1079 aliud
550 1036 656 1093 quid
693 1043 782 1091 est,
823 1037 942 1093 quod
974 1037 1269 1094 philosophus
1299 1036 1414 1080 Tim.
1443 1052 1487 1094 p.
1518 1037 1586 1080 33.

221 1093 274 1137 O.
308 1109 404 1149 sqq.
447 1093 641 1150 quinque
680 1094 830 1150 posuit
860 1094 889 1136 fi
923 1110 1025 1137 uras
1068 1109 1302 1152 corporum
1340 1093 1587 1150 primarias,

224 1151 490 1208 triangulum
510 1151 830 1250 rectangulum,
848 1166 901 1194 cu
936 1167 1024 1205 um,
1041 1150 1332 1209 pyramidem,
1348 1150 1589 1194 octaedron

222 1215 268 1251 et
294 1208 572 1263 icosaedron,
602 1224 661 1251 un
696 1224 718 1250 c
745 1208 1058 1251 elementorum
1087 1209 1318 1266 generatio
1342 1207 1588 1251 declarare-

224 1272 319 1317 tur3
352 1280 440 1320 qno
462 1265 600 1322 ipsius
623 1264 800 1308 decreto
823 1266 1176 1308 Hermannus
1204 1266 1321 1308 Hist.
1346 1264 1458 1308 Phil.
1474 1264 1587 1306 Plat.

222 1322 258 1366 Ι.
290 1339 333 1379 p.
366 1323 463 1365 590.
496 1338 584 1365 non
604 1321 814 1365 debuerat
846 1321 1127 1365 adtuendam
1156 1321 1436 1378 Epinomidis
1456 1321 1588 1365 ratio·

224 1395 323 1422 nem
354 1379 488 1424 abuti.
560 1381 620 1421 At
649 1379 851 1422 nimirum
881 1379 1091 1422 assumsit
1122 1379 1255 1422 homo
1286 1378 1507 1421 aetherem
1544 1378 1590 1420 in

225 1437 538 1479 elementorum
569 1451 813 1489 numerum,
846 1451 933 1491 quo
954 1436 1215 1478 daemonum
1237 1443 1360 1480 ortus
1378 1434 1482 1479 inde
1512 1434 1590 1478 de-

223 1493 479 1547 clararetur,
511 1491 565 1535 de
588 1507 676 1549 quo
709 1492 906 1549 disputat
937 1508 978 1549 p.
1010 1494 1106 1535 984.
1140 1491 1192 1535 E.
1223 1517 1272 1524 —
1298 1494 1383 1536 985
1426 1493 1480 1535 E.
1501 1492 1589 1535 Ve—

225 1565 319 1592 rum
359 1550 404 1591 in
443 1549 528 1592 hoc
571 1549 668 1606 ipso
709 1549 854 1592 denuo
895 1549 1093 1592 Platonis
1132 1556 1280 1606 partes
1323 1549 1487 1593 invitus
1518 1549 1590 1591 vel

222 1607 371 1664 potius
400 1605 654 1663 imprudens
687 1605 935 1650 deseruisse
967 1606 1285 1650 existimandus
1316 1613 1397 1649 est.
1462 1605 1590 1661 Quid

225 1664 340 1706 enim
372 1662 526 1706 Plato?
597 1663 814 1706 Nimirum
847 1664 884 1706 is
918 1664 1029 1706 Tim.
1061 1680 1102 1720 p.
1133 1666 1203 1707 40.
1236 1663 1294 1707 D.
1324 1662 1381 1706 de
1413 1663 1590 1706 daemo-

226 1736 330 1763 num
376 1719 648 1776 deorumque
692 1718 971 1778 popularium
1015 1721 1185 1778 origine
1235 1720 1344 1764 haec
1387 1720 1590 1780 scripsit:

223 1782 321 1833 περὶ
353 1780 402 1821 δὲ
431 1779 520 1820 τῶν
546 1780 692 1820 ἄλλων
723 1778 953 1833 δαιμόνων
973 1783 1116 1822 εἰπεῖν
1139 1783 1217 1820 καὶ
1244 1779 1460 1832 γνῶναι
1490 1776 1592 1829 τὴν

224 1838 449 1891 γένεσιν
484 1835 683 1890 μεῖζον
726 1831 750 1887 ἢ
797 1834 929 1878 καθ’
972 1834 1140 1890 ἡμᾶς,
1181 1837 1384 1878 πειστέον
1413 1836 1462 1877 δὲ
1494 1842 1590 1884 τοῖς

225 1890 453 1946 εἰρηκόσιν
483 1893 747 1945 ἔμπροσθεν
777 1909 816 1935 κ.
853 1909 888 1935 r.
922 1894 960 1935 λ.
1031 1892 1178 1946 Atque
1216 1890 1302 1934 hoc
1331 1889 1477 1948 ipsum
1507 1905 1590 1937 nos

224 1948 434 1991 continuo
464 1947 671 1990 admonet
699 1948 830 1991 etiam
862 1947 982 1991 aliud
1013 1947 1222 2003 quiddam
1266 1959 1364 1990 cum
1397 1948 1481 1991 hac
1510 1947 1589 1991 do·-

226 2005 394 2048 ctri‘nae
432 2012 557 2061 parte
598 2005 796 2060 proxime
837 2006 1147 2060 coniunctum,
1194 2005 1236 2046 in
1279 2020 1366 2059 quo
1404 2004 1534 2048 homo
1566 2020 1592 2046 a

227 2062 394 2105 ratione
428 2060 628 2105 Platonis
670 2078 758 2105 non
798 2064 951 2119 parum
991 2061 1192 2104 descivit.
1264 2061 1435 2105 Retulit
1474 2061 1591 2105 enim

229 2119 426 2175 scriptor
464 2118 771 2175 Epinomidis,
825 2119 970 2162 missis
1012 2118 1098 2161 diis
1130 2118 1444 2175 popularibus,
1477 2133 1590 2174 quos

227 2181 373 2217 tamen
418 2191 461 2231 p.
493 2178 590 2218 984.
628 2176 682 2219 D.
724 2188 832 2218 cum
853 2176 951 2233 ipso
982 2176 1166 2218 Platone
1198 2176 1313 2217 Tim.
1359 2191 1400 2232 p.
1429 2177 1499 2218 40.
1534 2175 1589 2217 Ι).

228 2234 298 2273 41.
331 2233 386 2273 A.
430 2233 579 2288 populi
621 2248 779 2276 caussa
818 2241 943 2276 caute
983 2231 1296 2289 relinquendos
1336 2232 1589 2286 arbitratur,

229 2303 400 2330 omnem
432 2290 656 2346 religionis
689 2290 894 2356 pietatem
926 2289 981 2332 ad
1013 2305 1126 2332 unos
1148 2288 1318 2331 tantum
1340 2287 1448 2332 deos
1466 2304 1590 2332 mun-

229 2343 370 2386 danos
409 2352 541 2400 atque
581 2362 759 2388 numina
803 2347 941 2403 ipsius
973 2353 1154 2389 naturae
1187 2346 1588 2403 viribuscognata,

228 2407 442 2457 sequutus
483 2403 668 2444 maxime
709 2417 784 2457 ea,
831 2419 944 2459 quae
986 2404 1126 2461 Legg.
1173 2403 1285 2446 Plat.
1315 2402 1377 2445 X.
1412 2418 1460 2460 p.
1490 2403 1588 2445 896.

228 2455 280 2500 C.
315 2472 411 2513 sqq.
443 2457 734 2502 disseruntur.
804 2459 856 2502 In
889 2476 976 2516 quo
1005 2460 1104 2516 ipso
1134 2466 1280 2502 tamen
1313 2459 1592 2502 vehementer

229 2513 439 2557 dissentit
468 2530 566 2557 cum
599 2516 811 2570 Platone,
858 2519 932 2572 qui
974 2532 1108 2573 quum
1150 2516 1254 2559 alibi
1290 2514 1376 2559 diis
1405 2515 1589 2559 munda·

229 2571 298 2614 nis
329 2578 461 2627 atque
493 2571 778 2628 popularibus
810 2573 939 2630 longe
960 2574 1227 2631 superiorem
1249 2573 1454 2616 statuerit
1471 2586 1589 2615 sum-

231 2643 347 2671 mum
386 2626 542 2683 deum,
589 2628 718 2671 huius
759 2644 900 2672 rerum
941 2629 1237 2673 universitatis
1268 2635 1494 2684 parentem
1524 2636 1589 2672 at·

229 2699 315 2739 que
345 2684 683 2742 gubernatorem
713 2686 1098 2741 sapientissimum,
1130 2692 1221 2729 tum
1256 2700 1350 2728 eam
1375 2685 1587 2729 rationem
