1644 2950
209 121 292 163 454
643 97 728 160 m:
760 117 1150 163 EPINOMIDIS

207 233 278 275 nis
339 230 618 287 disciplinam
668 230 932 286 destinavit,
984 247 1098 288 quae
1150 231 1333 288 propius
1387 231 1449 275 ad
1492 248 1575 289 po-

207 289 406 347 pularem
462 287 799 346 intelligentiam
846 295 965 332 esset
1021 295 1287 346 comparata.
1382 287 1575 343 Quocir-

209 361 262 388 ca
291 344 522 388 sublimem
562 345 680 388 illam
723 344 777 388 de
817 360 986 389 summo
1027 345 1136 400 deo,
1185 345 1230 388 in
1279 359 1379 401 qno·
1417 346 1577 389 summi

209 401 314 446 boni
362 399 464 444 idea
505 416 715 459 expressa
754 409 1022 456 cerneretur,
1074 401 1421 459 disputationem
1461 417 1577 459 quae

209 457 492 516 philosophis
533 459 684 515 potius
727 474 857 515 quam
896 459 1050 517 populi
1098 457 1374 502 multitudini
1414 473 1578 502 conve-

208 516 334 559 niens
387 521 519 570 esset,
558 516 605 558 in
644 530 696 559 eo
737 531 870 572 opere
918 517 1225 572 praetermisit.
1294 515 1581 560 Per-suaserat

211 573 327 617 enim
358 572 442 615 sibi
474 573 666 629 penitus,
698 572 1007 616 difficillimum
1027 588 1124 616 esse
1154 573 1285 615 huius
1316 588 1459 616 rerum
1482 573 1580 616 uni-

210 629 434 673 versitatis
464 637 687 686 parentem
727 630 923 672 invenire
967 630 1279 686 inventumque
1317 630 1485 687 populo
1514 631 1581 673 in-

214 686 363 730 dicare
391 686 523 742 plane
553 687 793 741 ἀδύνατον,
825 686 954 729 sicuti
986 687 1084 744 ipse
1115 687 1178 730 ait
1208 687 1321 730 Tim.
1353 703 1395 745 p.
1426 689 1495 731 28.
1528 685 1580 730 C.

214 744 375 799 Itaque
405 743 451 785 in
479 743 681 801 Legibus
712 758 807 787 eam
850 743 1046 800 prodidit
1077 743 1131 786 de
1171 743 1256 787 diis
1298 744 1579 799 sententiam,

214 816 325 858 quae
364 815 446 843 nec
488 801 619 856 plane
662 815 688 842 a
728 800 1035 857 philosophiae
1075 800 1207 843 laude
1252 807 1370 844 esset
1406 816 1579 855 aversa,

213 856 570 914 quandoquidem
607 857 670 899 ibi
710 857 980 914 significavit
1010 859 1055 900 in
1085 857 1207 900 nulla
1236 857 1322 901 alia
1351 872 1399 900 re
1444 873 1580 914 quae-

212 913 396 958 rendum
427 929 523 957 esse
543 929 704 956 numen
734 914 931 957 divinum
962 915 1047 958 nisi
1076 915 1122 966 in
1152 920 1300 957 mente
1327 921 1373 958 et
1392 915 1580 970 ratione,

212 986 296 1014 nec
324 986 349 1013 a
369 971 575 1027 populari
605 971 774 1014 ratione
805 972 926 1014 iusto
955 971 1054 1029 plus
1076 964 1338 1026 discederet,
1369 971 1451 1014 scd
1480 987 1581 1015 coe-

211 1029 346 1071 lestes
377 1034 494 1070 certe
526 1027 649 1082 deos,
680 1028 843 1083 Solem,
874 1028 1064 1083 Lunam,
1095 1029 1220 1082 alios,
1250 1029 1423 1086 vulgari
1450 1029 1582 1072 etiam

214 1084 525 1141 superstitione
563 1085 645 1127 sub
685 1086 859 1128 nomine
900 1086 1137 1142 Apollinis,
1170 1085 1359 1140 Dianae,
1391 1085 1582 1128 Telluris

215 1149 513 1196 consecratos,
548 1142 816 1197 relinqueret
846 1148 890 1185 et
911 1143 1038 1199 quasi
1060 1142 1239 1200 publica
1259 1141 1358 1200 lege
1379 1143 1582 1186 sanciret.

214 1199 389 1241 Etenim
421 1198 525 1242 deos
558 1199 812 1256 populares,
845 1214 1029 1255 quorum
1060 1200 1226 1243 cultum
1257 1206 1303 1242 et
1340 1200 1583 1242 veneratio-

214 1271 312 1298 nem
342 1262 593 1298 sacraverat
614 1257 869 1311 antiquitas,
898 1271 1161 1313 quamquam
1183 1271 1271 1299 non
1291 1256 1484 1311 sustulit,
1505 1257 1583 1299 sed

216 1312 463 1356 verecunde
494 1313 690 1367 retinuit,
731 1320 877 1356 tamen
908 1329 996 1356 non
1035 1314 1177 1369 primo
1218 1313 1316 1356 loco
1357 1313 1584 1356 habendos

217 1385 313 1413 esse
335 1368 560 1412 iudicavit.
621 1369 749 1423 Quae
772 1370 919 1412 omnia
947 1371 1125 1428 egregie
1146 1371 1430 1413 consentiunt
1449 1371 1582 1413 etiam

217 1442 314 1469 cum
344 1426 415 1480 iis,
444 1441 557 1481 quae
588 1426 634 1468 in
665 1426 845 1469 Timaeo
878 1426 932 1470 de
963 1426 1048 1470 diis
1088 1426 1320 1470 mundanis
1360 1427 1584 1470 disserun-

216 1491 288 1525 tur
314 1499 357 1539 p.
391 1484 446 1524 34
468 1482 520 1525 E.
552 1498 649 1538 sqq.
709 1483 929 1526 Nimirum
992 1483 1328 1529 uemadmodum
1348 1484 1477 1527 Plato
1497 1484 1583 1527 vir-

215 1547 355 1582 tutem
386 1539 527 1582 voluit
556 1539 696 1597 gradu
727 1554 810 1582 suo
842 1556 938 1583 esse
1000 1541 1204 1598 uplicem,
1247 1541 1428 1584 alteram
1471 1556 1585 1597 quae

216 1597 454 1639 referretur
483 1595 540 1638 ad
571 1595 831 1652 ἐπιστήμην,
862 1598 1041 1640 alteram
1064 1613 1176 1654 quae
1205 1597 1302 1640 sola
1316 1598 1524 1656 opinione
1548 1612 1583 1642 s.

218 1653 323 1713 δόξῃ
345 1653 569 1708 niteretur,
590 1652 643 1695 de
664 1668 751 1708 quo
781 1653 921 1710 ipsius
941 1654 1104 1710 placito
1126 1669 1270 1711 nuper
1291 1655 1447 1711 paucis
1468 1669 1585 1699 com-

218 1710 400 1752 mentati
433 1725 582 1752 sumus
620 1710 676 1752 ad
713 1711 933 1754 Phaedon.
965 1727 1006 1768 p.
1039 1713 1103 1757 68.
1137 1711 1188 1756 C.
1220 1711 1287 1755 ed.
1318 1712 1491 1764 tertiae3
1522 1713 1586 1754 ita

219 1767 353 1810 etiam
383 1767 635 1824 religiosam
704 1767 883 1810 ietatem
913 1769 1088 1811 effinxit
1128 1768 1365 1825 duplicem,
1404 1768 1584 1812 alteram

220 1839 334 1879 quae
383 1823 560 1866 deceret
604 1783 908 1882 philosophos,
951 1826 1123 1880 qualem
1163 1825 1413 1882 designavit
1450 1841 1584 1881 quum

222 1881 326 1923 alibi
356 1887 446 1922 tum
477 1880 661 1922 maxime
693 1881 737 1923 in
769 1881 1030 1937 Republica,
1062 1882 1241 1924 alteram
1273 1882 1386 1937 quae
1423 1897 1585 1925 conve-

221 1937 346 1980 niens
377 1944 494 1980 esset
524 1936 696 1979 erudito
729 1953 784 1994 po
817 1939 891 1981 ulo
921 1945 1053 1994 atque
1085 1945 1205 1981 recta
1248 1939 1456 1995 opinione
1495 1940 1584 1994 (ὀρ-

221 1997 301 2050 θῇ
329 1995 505 2053 δόξῃεῐ
533 1993 789 2050 adspectabi
810 1996 846 2037 is
877 2002 1058 2038 naturae
1089 2002 1312 2051 tamquam
1345 1997 1487 2054 signis
1518 1997 1585 2039 ni-

222 2057 400 2094 teretur.
459 2050 543 2092 His
573 2051 710 2107 igitur
740 2052 898 2094 summi
929 2052 1182 2109 philosophi
1216 2052 1390 2110 placitis
1419 2052 1477 2096 ad
1493 2068 1585 2097 rem

221 2122 346 2149 suam
376 2120 483 2149 usus
514 2113 583 2150 est
622 2114 777 2151 auctor
808 2108 1101 2165 Epinomidis,
1143 2108 1222 2152 sed
1252 2124 1360 2153 usus
1399 2116 1468 2153 est
1506 2110 1584 2164 ita,

221 2171 272 2205 ut
312 2178 364 2205 ea
402 2164 633 2206 occasione
671 2165 911 2221 singularia
949 2165 1163 2222 quaedam
1203 2165 1391 2209 ediderit
1428 2167 1586 2210 mentis

223 2234 327 2261 suae
358 2220 611 2276 ingeniique
643 2222 943 2277 perversitatis
965 2222 1243 2266 documenta.
1301 2223 1417 2267 Nam
1447 2229 1498 2266 ut
1519 2224 1584 2266 ni-

223 2275 283 2317 hil
314 2276 398 2317 iam
431 2275 629 2320 dicamus
660 2278 715 2320 de
747 2293 815 2333 eo,
848 2279 968 2335 quod
1011 2279 1252 2322 doctrinam
1285 2278 1484 2323 Platonis
1528 2280 1584 2323 de

223 2330 307 2374 diis
337 2331 567 2375 mundanis
598 2334 797 2377 nonnihil
833 2336 1081 2379 immutavit
1109 2343 1153 2379 et
1190 2336 1247 2379 ad
1276 2352 1400 2380 suam
1439 2337 1583 2394 opini-

223 2403 350 2431 onem
387 2387 579 2443 deflexit,
618 2392 901 2445 gravissimae
943 2392 1025 2436 hac
1064 2394 1110 2435 in
1154 2409 1310 2437 caussa
1349 2392 1582 2438 offensioni

223 2443 332 2487 illud
372 2451 454 2497 est,
495 2445 615 2500 quod
656 2463 789 2502 quum
828 2448 956 2492 Plato
995 2450 1326 2493 mathematicae
1372 2449 1583 2492 scientiae

226 2500 452 2544 maximam
485 2501 673 2544 voluerit
702 2519 798 2546 esse
837 2506 1071 2548 utilitatem
1115 2505 1172 2548 ad
1209 2521 1368 2550 sensus
1407 2506 1585 2562 pietatis

225 2557 271 2600 in
300 2557 459 2600 civium
479 2558 635 2600 animis
658 2559 841 2603 alendos
873 2568 915 2603 at
950 2577 1004 2604 ue
1024 2561 1387 2617 corroborandos,
1420 2561 1475 2605 de
1527 2579 1585 2606 ua

225 2613 366 2671 ipsius
397 2615 614 2657 sententia
643 2631 683 2657 v.
716 2616 856 2673 Legg.
890 2618 929 2660 V
960 2618 994 2660 Ι.
1059 2652 1068 2662 .
1089 2621 1187 2663 821.
1214 2620 1270 2662 A.
1292 2633 1374 2674 sqq
1409 2625 1452 2662 et
1522 2619 1583 2662 11.

227 2686 267 2727 p.
300 2671 397 2716 966.
433 2669 488 2712 D.
520 2678 566 2714 et
593 2671 692 2714 967.
726 2672 782 2714 Ι).
822 2688 919 2729 sqq.
963 2635 1061 2718 coll).
1104 2675 1174 2718 De
1214 2674 1401 2731 Republ.
1442 2675 1500 2720 X.
1540 2692 1582 2732 p.
