1618 2950
182 140 261 183 12⁶2
633 135 1093 181 ARGUMENTUM

176 259 310 308 ment,
354 259 501 294 tamen
536 265 614 294 eas
648 250 831 294 arbitrio
861 249 1052 307 quodam
1080 265 1161 294 suo
1192 263 1283 293 non
1310 258 1470 295 curent
1494 266 1547 294 ac

178 309 441 366 respiciant,
488 306 855 363 quemadmodum
894 308 1002 351 viles
1033 314 1076 351 et
1104 305 1311 350 imbecilli
1339 307 1547 352 mortales

177 364 366 409 subinde
385 364 595 408 dicuntur
622 378 755 408 nosse
776 364 954 420 quidem
985 364 1194 419 meliora,
1224 363 1306 408 sed
1333 379 1440 423 prae
1463 380 1546 410 vo·

178 424 347 480 luptate
385 429 462 465 aut
501 420 654 465 dolore
695 428 772 465 aut
806 421 938 465 simili
977 421 1128 478 aliquo
1165 419 1327 465 affectu
1364 437 1419 466 sa
1456 437 1547 466 uon

176 480 323 523 facere
362 494 415 523 ac
455 493 681 537 peragere.
741 480 807 522 At
835 479 953 522 enim
982 493 1086 523 vero
1118 493 1252 535 quum
1281 493 1339 522 ne
1369 478 1547 524 humani

178 535 356 593 quidem
404 536 586 602 opifices
625 550 760 593 opera
803 550 884 580 sua
922 535 1035 579 adeo
1075 535 1307 593 negligant
1343 542 1424 580 aut
1452 542 1547 580 tam

177 594 303 652 parvi
345 599 603 647 aestiment,
643 599 695 636 ut
731 608 877 636 rerum
915 593 1079 636 levium
1109 599 1155 636 et
1184 592 1444 650 exiguarum
1472 608 1548 638 ou·

179 667 269 694 ram
300 650 411 694 nihil
438 649 494 693 ad
524 665 672 693 earum
701 650 1014 707 perfectionem
1047 657 1126 693 aut
1153 656 1414 707 perpetuam
1442 664 1549 694 eon·

177 709 467 752 servationem
517 721 630 763 opus
670 721 766 751 esse
806 707 1079 758 existiment3
1125 707 1203 763 qui
1244 706 1424 751 tandem
1460 707 1548 751 diis

178 780 266 808 non
307 764 536 822 indignum
575 778 674 807 esse
713 764 1010 818 censebimus,
1051 764 1092 808 si
1131 778 1208 808 eos
1246 763 1363 808 ultro
1403 779 1547 808 rerum

177 822 466 865 humanarum
502 835 653 864 curam
699 820 939 864 identidem
991 821 1281 865 intermittere
1328 821 1548 866 existime-

179 878 307 922 mus?
367 878 585 922 Nimirum
615 884 683 920 est
712 878 911 935 profecto
942 878 1076 921 huius
1104 877 1327 934 opinionis
1354 877 1547 936 indigni·

178 942 247 979 tas
287 942 412 978 tanto
453 935 615 989 maior,
657 934 776 990 quod
815 935 878 977 ita
919 935 1012 977 nati
1052 949 1205 979 sumus
1234 934 1550 990 hominos,sut

178 999 352 1050 praeter
391 998 560 1034 ceteras
607 992 851 1034 animantes
899 1006 1050 1034 omnes
1091 990 1148 1033 ad
1199 991 1278 1035 reli
1316 991 1460 1035 ‘onan
1503 1000 1550 1035 et

178 1050 294 1107 piam
340 1055 601 1106 gratamque
653 1047 834 1091 deorum
893 1047 1220 1091 venerationem
1297 1048 1388 1091 acti
1448 1062 1548 1092 esse

178 1106 405 1149 videamur
442 1104 643 1161 adeoque
684 1106 728 1148 in
771 1105 952 1148 deorum
993 1119 1272 1149 numeremur
1300 1105 1462 1148 ,manci
1493 1105 1549 1149 iis

179 1166 252 1221 (p.
291 1166 390 1207 899.
433 1163 490 1205 D.
523 1186 576 1196 -
618 1163 716 1205 903.
755 1162 855 1218 Β.).
898 1185 947 1194 -—
1022 1164 1174 1217 Atque
1222 1161 1334 1206 haec
1370 1177 1399 1218 q
1434 1162 1443 1172 ⁸

180 1235 315 1276 quum
345 1220 408 1262 ita
435 1233 532 1262 sese
563 1218 768 1273 habeant,
802 1234 931 1262 nemo
962 1220 1163 1276 profecto
1200 1218 1329 1262 facile
1354 1219 1547 1286 reperie-

179 1284 253 1320 tur
281 1277 433 1334 paullo
464 1275 702 1331 cordatior,
737 1277 812 1332 qui
842 1275 1099 1333 ponderatis
1129 1277 1333 1320 omnibns
1362 1291 1431 1320 rei·
1455 1291 1547 1320 mo—

181 1334 340 1377 mentis
365 1333 472 1376 deos
491 1348 560 1376 res
579 1332 792 1376 humanas
813 1347 967 1376 curare
995 1348 1159 1390 negare
1189 1332 1364 1377 audeat.
1408 1332 1548 1389 Quod

180 1398 325 1434 autem
371 1390 496 1433 multi
540 1397 873 1445 conqueruntur
909 1389 964 1432 de
1003 1390 1155 1446 iniqua
1194 1390 1421 1434 hominum
1458 1390 1547 1434 for·

180 1456 286 1491 tuna
316 1454 362 1491 et
391 1446 659 1500 conditione,
691 1462 778 1503 qua
808 1447 935 1490 bouis
965 1461 1097 1505 saepe
1127 1447 1240 1491 male
1271 1461 1324 1490 ac
1350 1447 1547 1491 vicissim

180 1505 304 1549 malis
348 1504 460 1547 bene
491 1504 571 1558 sit,
611 1502 817 1547 videntur
854 1504 1102 1548 istiusmodi
1140 1504 1340 1549 homines
1371 1503 1547 1548 divinae

180 1561 487 1619 providentiae
534 1561 725 1604 rationes
782 1576 938 1618 parum
997 1560 1116 1619 apud
1176 1562 1369 1605 animum
1418 1575 1546 1605 suum

180 1617 480 1685 perpendisse.
548 1617 671 1675 Quip
705 1633 729 1661 e
768 1625 873 1661 sunt
909 1619 1004 1662 sine
1045 1617 1182 1662 dubio
1220 1618 1368 1662 omnia
1407 1617 1547 1662 adeo

179 1683 243 1719 ita
327 1682 526 1729 enerata,
566 1675 629 1718 ita
701 1676 912 1733 isposita,
941 1675 1005 1718 ita
1044 1675 1238 1731 denique
1275 1682 1545 1734 comparata,

180 1740 231 1776 ut
265 1747 291 1775 a
359 1732 497 1775 totius
543 1747 686 1775 rerum
734 1732 1034 1776 universitatis
1074 1732 1262 1776 salutem
1309 1731 1546 1776 iuvandam

181 1797 226 1833 et
243 1787 576 1832 sustentandam
598 1789 922 1846 sapientissime
940 1795 1231 1847 attemperata
1249 1789 1354 1832 sint.
1412 1788 1546 1844 Quod

181 1847 219 1890 si
248 1847 311 1888 ita
341 1853 424 1900 est,
454 1861 719 1904 magnopere
749 1862 855 1890 sane
886 1847 1118 1902 falluntur,
1148 1846 1225 1902 qui
1253 1845 1340 1890 sibi
1368 1860 1547 1902 persua·

181 1910 332 1948 serunt
372 1903 518 1946 omnia
555 1918 637 1947 sua
675 1903 688 1945 i
724 1919 871 1947 sorum
912 1918 1071 1947 caussa
1120 1918 1217 1947 esse
1258 1902 1464 1946 instituta
1501 1911 1547 1947 et

179 1976 260 2018 pro
293 1967 361 2003 ter
399 1975 478 2003 sua
515 1974 685 2003 commo
718 1976 745 2003 a
782 1975 974 2016 suasque
1011 1960 1225 2004 utilitates
1262 1959 1347 2004 hoc
1371 1959 1440 2003 vel
1469 1959 1546 2004 illo

181 2033 251 2060 mo
285 2033 311 2060 o
350 2018 445 2060 fieri
484 2023 713 2074 oportere,
753 2017 816 2060 ita
855 2024 908 2061 ut
945 2018 1074 2061 etiam
1101 2017 1388 2075 indignentur
1416 2017 1546 2061 mise-

181 2089 342 2129 rasque
378 2073 569 2117 fundant
611 2074 930 2130 querimonias,
991 2075 1028 2117 si
1082 2089 1171 2130 qua
1208 2073 1364 2118 vident
1401 2088 1545 2118 rerum

180 2146 355 2174 suarum
395 2146 570 2174 cursum
610 2147 698 2175 non
739 2131 875 2174 fluere
912 2131 969 2174 ad
1010 2147 1134 2174 suam
1164 2131 1360 2189 ipsorum
1390 2131 1545 2175 voluu-

181 2195 328 2231 tatem.
398 2188 633 2231 Enimvero
675 2204 777 2245 pars
821 2195 938 2231 certe
977 2196 1159 2255 propter
1199 2194 1340 2232 totum
1370 2203 1453 2232 nec
1480 2189 1544 2231 vi-

183 2245 329 2291 cissim
371 2251 511 2288 totum
564 2246 835 2303 singularum
875 2252 1080 2302 partium·
1113 2246 1257 2304 gratia
1302 2244 1451 2288 extitit
1498 2252 1545 2288 et

182 2301 522 2344 administratur.
596 2302 821 2356 Quocirca
860 2301 1075 2359 quidquid
1113 2302 1242 2346 nobis
1272 2301 1459 2356 accidit,
1497 2302 1543 2345 id

182 2357 361 2405 credere
390 2361 455 2400 ias
488 2365 555 2401 est
584 2366 763 2416 propter
791 2361 1092 2405 universitatis
1132 2359 1324 2403 rationes
1351 2359 1416 2403 ita
1444 2374 1543 2403 eve-

182 2414 276 2457 nire
321 2420 452 2469 atque
492 2415 608 2457 illius
641 2417 900 2471 perfectioni
935 2424 1067 2473 atque
1096 2417 1227 2464 saluti
1259 2431 1357 2460 esse
1385 2431 1543 2460 eonve-

183 2471 319 2514 niens.
393 2470 445 2513 Id
488 2471 606 2527 quod
645 2474 777 2515 etiam
817 2473 871 2516 de
912 2474 1068 2518 animis
1106 2474 1169 2517 ita
1197 2473 1439 2518 existimari
1468 2472 1543 2517 de-

184 2528 271 2572 bet.
341 2527 455 2570 Nam
498 2529 640 2571 anima
686 2545 818 2585 quum
859 2531 927 2573 vel
978 2546 1056 2588 per
1102 2546 1149 2574 se
1199 2531 1269 2574 vel
1306 2545 1387 2588 per
1433 2529 1543 2574 ulios

183 2585 342 2628 multas
381 2585 538 2627 subeat
577 2592 621 2627 et
658 2587 907 2643 experiatur
957 2587 1222 2631 mutationes
1268 2587 1543 2644 maximaque

182 2642 241 2684 sit
269 2642 542 2700 ingeniorum
574 2657 828 2699 morumque
859 2645 1048 2687 varietas
1077 2661 1129 2688 ac
1158 2644 1416 2699 diversitas,
1446 2644 1544 2687 uni-

186 2698 299 2742 versi
346 2698 475 2742 huius
526 2701 680 2741 rectori
738 2706 777 2742 et
833 2700 1138 2754 gubernationi
1194 2703 1237 2744 in
1289 2700 1544 2745 ordinandis
