1552 2846
584 118 754 164 mmfl
787 119 962 164 NONI.
1355 134 1357 136 v
1429 116 1454 155 9

92 236 279 291 eiusque
310 235 465 291 poeuis
494 244 540 276 et
568 249 620 286 ex
655 233 910 287 iationibus,
944 231 1088 287 deque
1117 230 1219 273 talis
1248 229 1458 273 facinoris

90 306 173 351 per
207 298 424 350 cognatos
462 306 615 334 sumen
649 305 674 332 a
716 289 937 341 vindicta3
978 287 1033 331 de
1076 286 1212 331 caede
1250 301 1331 344 per
1369 286 1453 328 ira-

90 347 297 393 cundiam
335 354 613 406 perpetrata,
655 361 768 403 quae
808 346 952 390 media
990 346 1080 388 fere
1110 343 1330 387 iudicatur
1357 357 1455 386 esse

90 406 208 450 inter
236 403 527 448 voluntariam
557 411 602 447 et
642 404 824 447 fortuito
853 405 1038 456 factam,
1082 399 1455 458 quandoquidem,

90 463 169 520 qui
211 461 395 506 alterum
431 460 624 504 trucidet
651 460 879 504 iracundia
907 460 1123 516 agitatus,
1166 459 1205 501 is
1246 456 1457 514 quodam·

91 518 226 564 modo
265 518 514 563 inconsulte
559 526 693 576 agat,
735 517 811 574 qui
851 523 997 560 autem
1035 516 1142 558 iram
1181 514 1387 558 cohibeat
1416 521 1461 556 et

91 591 174 635 per
205 575 471 620 simultatem
501 575 627 618 alteri
657 581 802 618 struat
828 573 1029 628 insidias,
1059 573 1098 616 is
1129 587 1228 616 eum
1258 571 1460 616 consulto

91 631 308 678 occidisse
337 631 561 685 videntum
590 646 723 690 porro
753 631 881 675 etiam
902 630 957 674 de
986 629 1124 674 caede
1155 628 1212 672 ad
1240 629 1329 672 vim
1358 644 1460 686 pro-

196 688 356 733 andam
401 689 637 733 commissa
683 689 704 746 (
749 721 758 731 .
808 689 892 731 864
930 687 985 731 E.
1022 712 1071 718 --
1103 687 1198 729 869.
1239 685 1294 729 Ε.
1309 686 1343 741 ).
1406 710 1459 716 -—

172 746 271 791 'bus
314 746 518 790 omnibns
557 745 614 790 de
651 746 724 791 vio
744 746 857 789 entis
907 743 1099 802 quidem,
1140 742 1221 786 sed
1265 757 1354 786 non
1384 757 1462 785 vo-

92 804 294 848 luntariis
322 810 369 847 et
388 818 467 861 per
496 803 604 847 iram
634 803 781 856 factis,
814 802 1023 860 caedibus
1054 801 1302 857 explicatis,
1336 814 1461 843 acce-

95 859 217 905 ditm
253 859 312 904 ad
348 859 670 904 consideranda
699 861 896 903 facinora
925 858 1176 902 voluntaria
1206 864 1249 900 et
1279 857 1461 900 omnino

95 933 178 975 pst
203 917 409 962 iniuriam
439 925 485 961 et
513 917 718 961 consulto
746 918 991 960 commissa.
1051 914 1252 970 Quorum
1284 929 1465 957 caussas

97 974 175 1020 ubi
212 974 561 1019 demonstratum
599 981 670 1018 est
706 974 776 1017 vel
824 975 870 1017 in
908 972 1116 1027 avaritia,
1158 971 1228 1015 vel
1267 972 1311 1014 in
1353 970 1466 1013 mala

97 1031 351 1086 ambitione,
391 1031 460 1075 vel
499 1031 546 1074 in
586 1038 704 1075 metu
749 1047 804 1074 ex
833 1030 1163 1075 malefactorum
1194 1028 1467 1072 conscientia

97 1101 203 1132 nato
240 1089 412 1146 positas
453 1103 574 1140 esse3
611 1087 805 1131 indidem
844 1094 1049 1131 monetur
1076 1085 1340 1143 repetendas
1370 1100 1468 1129 esse

98 1145 231 1190 etiam
291 1144 617 1189 admonitiones
665 1151 799 1201 atque
855 1144 1209 1198 cohortationes,
1259 1157 1373 1200 quae
1411 1141 1469 1185 ad

99 1200 335 1247 arcendam
380 1202 559 1246 sceleris
598 1202 861 1246 atrocissimi
907 1207 982 1244 tur
1014 1200 1230 1243 itudinem
1275 1199 1467 1254 valeant,

102 1267 150 1304 et
177 1273 283 1304 vero
312 1259 444 1302 etiam
483 1259 673 1303 derivari
715 1274 848 1317 posse
888 1217 1063 1303 easdlem
1104 1274 1156 1301 ex
1199 1272 1358 1300 arcana
1392 1256 1469 1299 illa

87 1324 149 1361 'et
175 1315 406 1361 recondita
434 1316 698 1374 sapientium
730 1316 947 1371 doctrina,
981 1331 1069 1373 qua
1098 1315 1333 1370 doceatur,
1363 1313 1470 1356 talia

102 1372 272 1419 scelera
299 1373 433 1417 etiam
461 1373 580 1430 apud
610 1374 775 1418 interos
805 1375 967 1432 puniri,
999 1374 1246 1428 iterumque
1269 1386 1470 1415 reversos

101 1429 346 1476 homicidas
384 1431 431 1473 in
472 1431 585 1474 hanc
617 1432 751 1474 vitam
782 1431 893 1474 hanc
924 1445 1098 1474 manere
1130 1429 1393 1483 vindictam,
1419 1435 1470 1471 ut

101 1502 217 1555 quae
251 1486 442 1531 fecerint
479 1488 601 1542 aliis,
643 1503 695 1531 ea
736 1489 845 1546 ipsis
886 1503 1062 1544 quoque
1092 1484 1283 1542 denique
1314 1500 1469 1544 perpe·

100 1543 253 1591 bend:
286 1545 379 1589 sint
416 1546 489 1601 (p.
531 1546 629 1589 869.
661 1546 714 1590 Ε.
739 1571 803 1581 ·—
833 1548 931 1589 870.
963 1546 1060 1601 R).
1093 1570 1148 1576 —
1220 1545 1331 1587 Post
1360 1542 1470 1586 haec

104 1617 211 1647 voro
248 1600 319 1661 din
351 1607 501 1645 utatur
538 1601 593 1645 de
633 1602 769 1646 caede
814 1602 1102 1646 clandestinis
1141 1601 1339 1645 consiliis
1367 1615 1469 1657 per-

104 1664 280 1761 mut-
346 1673 460 1715 eque
497 1660 717 1705 occisione
757 1667 1043 1718 cognatorum
1092 1659 1273 1715 eiusque
1323 1657 1470 1715 prohi-

192 1714 281 1759 dae
304 1715 547 1759 rationibus
576 1732 627 1759 ac
645 1719 817 1773 poenis.
878 1717 982 1772 Qua
1012 1717 1315 1773 disputatione
1343 1715 1471 1757 abso-

106 1774 199 1817 luta
235 1773 385 1830 agitur
421 1772 477 1816 de
515 1774 680 1817 scelere
723 1790 899 1828 eorum,
943 1775 1017 1831 qui
1059 1780 1241 1816 mortem
1274 1771 1358 1815 sibi
1387 1771 1472 1828 ipsi

105 1836 285 1930 gronter
311 1830 531 1887 ignaviam
562 1846 615 1874 ac
644 1830 996 1888 desperationem
1019 1831 1150 1874 animi
1179 1829 1472 1882 consciscant,

138 1901 251 1943 eque
290 1894 429 1930 morte
467 1903 545 1944 per
582 1888 724 1931 aliena
772 1889 969 1932 iumenta
1008 1895 1085 1930 aut
1131 1902 1201 1930 res
1254 1886 1471 1929 inanimae

108 1943 376 1995 accelerata3
415 1945 577 2000 quibus
619 1945 842 1989 adduntur
881 1946 1089 1989 nonnulla
1127 1944 1182 1987 de
1212 1944 1373 1988 occisis
1404 1942 1473 1996 iis,

109 2016 295 2103 {uorum
335 2002 489 2044 mortis
526 2017 711 2045 caussae
751 2004 795 2046 in
836 2002 1011 2047 occulto
1054 2002 1223 2044 lateant
1261 2003 1332 2058 (p.
1375 2001 1472 2045 871.

154 2090 166 2101 .
197 2083 251 2090 -
281 2059 379 2101 874.
398 2057 488 2114 C.).
519 2085 573 2090 —
632 2061 782 2115 Atque
814 2061 925 2104 haec
955 2059 1131 2116 quidem
1164 2058 1218 2101 de
1249 2057 1474 2101 caedibus.

113 2114 355 2159 Acceditur
383 2114 574 2171 denique
606 2115 661 2158 ad
692 2119 767 2171 ea,
800 2122 1037 2173 quae'cum
1068 2117 1122 2159 iis
1153 2131 1204 2158 co
1270 2122 1343 2158 ata
1373 2121 1475 2158 sunt

111 2171 303 2215 crimina.
373 2173 441 2214 Ac
478 2172 665 2228 primum
705 2174 880 2230 quidem
925 2173 1162 2231 exponitur
1200 2131 1266 2215 (ᾗ,
1284 2172 1340 2217 iis
1370 2185 1473 2214 con-

111 2228 367 2294 ditionibus,
399 2228 443 2270 in
473 2229 634 2285 quibus
677 2231 746 2273 ius
785 2233 938 2288 fasque
979 2230 1125 2287 putari
1167 2229 1325 2272 debeat
1367 2227 1475 2271 alte·

113 2301 206 2329 rum
236 2283 468 2340 occidere,
499 2301 588 2342 quo
619 2286 718 2330 loco
749 2289 882 2343 sures,
913 2287 1102 2332 adulteri
1134 2294 1178 2330 et
1202 2287 1397 2329 latrones
1429 2300 1480 2327 ea

115 2341 309 2386 vindicta
355 2341 477 2399 digni
538 2343 790 2388 iudicantur
839 2353 908 2402 (p.
950 2347 1048 2387 874.
1091 2344 1149 2386 Ι).
1191 2370 1243 2375 -
1286 2343 1380 2398 PL).
1426 2368 1460 2373 -

119 2398 290 2442 Deinde
331 2414 433 2442 vero
464 2399 718 2456 disputatur
749 2402 804 2445 de
845 2403 1050 2446 violentis
1081 2401 1367 2454 facinoribus,
1402 2400 1478 2441 im-

132 2456 266 2523 nrimis
304 2455 360 2499 de
402 2456 777 2503 vulnerationibus
817 2475 868 2503 ac
914 2458 1213 2517 petulantibus
1254 2465 1477 2501 contume-

131 2526 201 2568 ns,
242 2528 426 2570 quarum
464 2515 584 2557 varia
623 2531 785 2572 genera
825 2523 1107 2560 recensentur
1138 2517 1222 2563 ita,
1262 2522 1311 2557 ut
1353 2513 1479 2557 simul

117 2567 342 2623 doceatur,
374 2571 594 2626 quomodo
615 2572 684 2616 vel
705 2573 1003 2632 prohibendae
1026 2572 1093 2615 vel
1114 2571 1360 2630 puniendae
1380 2571 1478 2613 sint.

641 2700 972 2722 -ψ-
