1618 2950
367 669 1091 750 ARGUMENTUM.

510 808 688 846 {alunt
729 805 966 845 111⁴}le-

602 913 864 920 ————.

54 966 364 1060 Pomaquam
382 1003 631 1069 expositum
662 1010 735 1045 est‘
750 1002 806 1047 de
826 1003 1022 1047 violenta
1037 1011 1081 1047 et
1100 1005 1422 1050 contumeliosa

53 1061 238 1106 diorum
276 1065 567 1113 tractatione,
616 1059 850 1103 disseritur
889 1061 1073 1118 primum
1121 1062 1327 1106 universe
1366 1061 1422 1106 de

54 1117 258 1163 violentis
298 1116 571 1171 actionibus,
612 1115 772 1159 deinde
814 1133 918 1161 vero
948 1119 1095 1176 agitur
1123 1118 1336 1176 imprimis
1366 1119 1422 1162 de

54 1187 199 1219 rerum
249 1187 473 1219 sacrarum
521 1173 760 1216 violatione
810 1173 955 1231 deque
1005 1176 1326 1219 contumeliosa
1376 1177 1421 1219 in

136 1230 277 1286 enites,
308 1230 592 1290 magistratus
611 1237 747 1285 atque
779 1232 899 1274 cives
930 1232 1193 1288 petulantia.
1257 1233 1422 1292 Dispu-

122 1302 229 1333 urus
269 1295 414 1331 autem
455 1287 511 1330 de
549 1287 778 1331 maleficiis
818 1295 862 1331 et
901 1289 1179 1345 criminibus,
1219 1305 1333 1347 quae
1376 1291 1422 1334 iu

54 1360 183 1391 sacra
220 1352 354 1403 atque
381 1345 505 1403 ipsos
543 1343 651 1388 deos
681 1346 1034 1400 committantur,
1078 1347 1242 1404 hospes
1282 1346 1423 1391 Athe-

2 1423 7 1428 ·
55 1403 247 1457 niensis,
286 1403 358 1446 cui
406 1401 639 1460 primariae
681 1401 935 1460 disputandi
991 1417 1138 1461 partes
1187 1402 1424 1448 demanda-

40 1458 130 1506 'tae
156 1467 276 1515 sunt,
306 1459 406 1503 loco
437 1459 650 1516 prooemii
682 1460 972 1518 copiosiorem
999 1460 1243 1518 praemittit
1272 1461 1424 1520 dispu-

56 1518 268 1563 tationem
296 1516 352 1559 de
382 1515 466 1559 diis
498 1530 738 1572 eorumque
769 1516 892 1560 cultu
923 1532 975 1561 ac
1005 1518 1316 1575 veneratione,
1348 1533 1424 1563 cu·

57 1575 126 1619 ius
164 1588 336 1617 summa
373 1572 460 1616 buc
500 1574 590 1615 sere
629 1572 754 1616 redit.
832 1575 998 1630 Nemo,
1031 1576 1199 1632 inquit,
1232 1590 1426 1632 unquam

57 1630 254 1691 prudens
283 1630 526 1686 volensque
559 1630 740 1687 impium
771 1630 981 1687 quiddam
1003 1638 1258 1689 perpetrare
1288 1646 1426 1676 ausus

59 1695 152 1743 est,
193 1688 270 1746 qui
307 1686 363 1730 de
401 1687 584 1730 deorum
621 1688 663 1729 vi
700 1695 835 1743 atque
866 1689 1046 1732 numine
1078 1697 1196 1733 recte
1228 1691 1426 1733 sentiret.

58 1745 234 1789 Positns
273 1743 387 1788 enim
426 1744 568 1787 omnis
608 1744 706 1787 fons
730 1745 971 1802 impietatis
1000 1746 1046 1788 in
1078 1760 1131 1789 eo
1174 1752 1268 1801 est,
1338 1744 1429 1789 uod

58 1802 260 1847 homines
289 1807 366 1845 ant
394 1801 573 1844 omnino
603 1816 691 1844 non
722 1801 911 1845 credunt
942 1802 1050 1846 deos
1079 1817 1192 1858 esse,
1225 1809 1305 1846 aut
1342 1803 1430 1847 icet

59 1859 106 1903 id
146 1858 352 1913 credant,
397 1865 544 1901 tamen
586 1872 663 1902 eos
702 1872 771 1901 res
810 1858 1023 1902 humanas
1062 1874 1215 1903 curare
1246 1865 1428 1916 negant,

61 1923 139 1960 ant
174 1915 367 1973 denique
409 1914 509 1958 illos
552 1915 821 1959 arbitrantur
862 1913 1068 1974 precibus
1111 1922 1155 1960 et
1200 1917 1430 1962 sacrificiis

63 1972 180 2018 flecti
210 1987 263 2018 ac
292 1973 458 2016 moveri
489 1972 645 2016 solere.
706 1971 928 2028 Quoniam
965 1980 1111 2017 autem
1174 1974 1220 2017 ui
1249 1974 1431 2032 indigne

62 2030 119 2074 de
149 2029 235 2073 diis
266 2029 463 2074 sentiunt
485 2029 773 2088 superciliose
794 2030 999 2074 videntur
1019 2037 1151 2088 postu
1172 2031 1285 2074 aturi
1317 2046 1430 2086 esse,

63 2094 128 2143 ut,
147 2087 403 2145 priusquam
454 2101 591 2130 oense
612 2086 666 2130 de
691 2087 917 2144 impietate
937 2089 1279 2143 constituantur,
1311 2088 1432 2146 ipsos

63 2142 327 2187 edoceamus
359 2157 427 2185 me
446 2141 539 2185 iora
568 2149 613 2185 et
645 2143 754 2187 deos
785 2159 883 2188 esse
907 2143 1259 2188 demonstrantes
1290 2159 1434 2203 neque

64 2206 182 2245 recte
214 2198 348 2243 statui
377 2199 665 2243 ostendentes
696 2199 817 2256 quod
846 2207 1019 2260 poetae,
1050 2208 1263 2257 oratores,
1294 2208 1434 2258 vates,

64 2255 321 2302 merdotes
351 2255 587 2300 decantare
616 2257 812 2313 soleant,
844 2272 920 2302 eos
950 2258 1149 2302 votis'ac
1178 2258 1435 2303 muneribus

67 2314 166 2373 capi
207 2320 343 2371 atque
371 2313 563 2372 placari3
601 2314 719 2381 agite
756 2314 842 2358 boc
879 2315 1024 2374 ipsum
1064 2315 1148 2359 iam
1187 2315 1250 2359 ita
1288 2316 1434 2360 iacere

67 2379 299 2425 conemur,
342 2376 416 2426 ut,
456 2371 493 2415 si
524 2386 614 2415 non
644 2386 783 2429 ipsam
814 2370 996 2416 deorum
1026 2372 1114 2416 vim
1146 2378 1436 2430 naturamque

69 2427 239 2488 aperire
268 2427 502 2486 possimus,
536 2435 583 2472 at
611 2434 731 2472 certe
762 2428 832 2483 iis,
864 2444 977 2486 quae
1008 2429 1063 2474 ab
1101 2429 1199 2474 istis
1230 2429 1436 2473 dictitan-

24 2520 26 2525 .
69 2488 169 2541 ἱππ,
220 2484 395 2528 veriora
441 2500 493 2527 ac
531 2485 828 2543 probabiliora
864 2486 910 2529 in
959 2484 1152 2530 medium
1191 2485 1436 2531 afferamus.

70 2539 135 2587 Iit
164 2539 335 2586 Cliniae
366 2541 563 2598 quidem,
596 2542 761 2601 quippe
792 2542 866 2600 qui
903 2543 1056 2587 talium
1087 2542 1438 2601 disputationum

70 2597 360 2646 sabtilitatem
392 2598 586 2643 nondum
617 2600 791 2643 noverit
818 2598 1051 2658 avitaeque
1081 2599 1280 2659 religioni
1311 2600 1441 2658 plane

72 2655 136 2700 sit
158 2654 367 2700 addictus
385 2663 430 2699 et
452 2656 579 2714 quasi
600 2662 904 2714 consecratus,
925 2657 973 2701 id
992 2657 1115 2702 nullo
1147 2658 1238 2700 tere
1258 2655 1442 2722 negotio

71 2716 297 2770 peractum
341 2712 394 2755 iri
433 2713 668 2757 existimat.
741 2712 909 2758 Censet
947 2714 1062 2758 enim
1110 2712 1217 2757 illud
1269 2711 1446 2768 quidem

118 2792 212 2827 Puni.
237 2794 303 2837 op.
333 2794 413 2826 Vol.
442 2793 484 2827 Χ.
513 2794 608 2827 Seet.
641 2794 710 2828 111.
1086 2796 1110 2834 8
